2210 3914
180 215 226 295 'tt
402 192 832 286 montinianicis

184 325 330 385 Tantrrm
337 318 752 400 liaberetfideirjureslicot
761 317 1077 399 ersammhracum,

40 455 44 466 .
115 399 174 462 150
186 401 229 461 Et
238 415 419 463 nostrorum
429 420 510 469 eras,
523 413 730 459 contemnere
742 400 875 460 fulmina
884 422 1021 480 pauper

181 481 343 549 Creditur,
358 494 453 560 atque
467 481 570 548 Deos,
588 481 642 537 Dis
654 480 888 560 ignoscentibus
901 483 990 558 ipsis.

156 554 286 700 ⁸8id.
305 559 396 641 quod
410 560 571 619 materiam
586 558 705 637 praebet
721 578 892 641 causasque
907 564 1078 636 jocorum

213 639 337 700 mnibus
352 639 403 697 hic
417 638 519 705 ide'm,
534 641 558 697 si
572 636 658 698 foeda
671 654 703 698 et
717 641 808 711 scissa
822 640 967 713 lacerna,

135 726 143 745 ‘
181 722 214 780 Si
228 735 301 801 toga
312 718 474 778 sordidula
489 733 553 795 est,
564 735 596 777 et
609 720 702 798 ruptit
718 718 840 780 calceus
855 719 935 787 alter

87 824 89 843 ¹
113 796 170 863 135
182 796 266 875 Pelle
283 812 382 878 patet,
394 796 446 858 vel
463 799 488 856 si
503 814 638 858 consuto
651 799 933 859 vulneracrassum

179 882 283 960 Atque
295 898 406 938 recens
420 877 519 936 linum
538 878 677 938 ostendit
694 900 759 938 non
773 899 835 943 una
847 881 1009 943 cicatrix?

178 961 241 1020 Nil
253 960 351 1018 habet
363 958 481 1037 infelix
487 972 666 1038 pattpercas
678 959 794 1017 durius
806 963 841 1017 in
855 979 889 1018 se
897 1005 911 1034 ,

179 1040 289 1132 Quum
295 1042 385 1119 quod
394 1036 549 1097 ridiculos
558 1038 801 1116 lromr'nesfacic.
811 1038 925 1106 Exeat,
935 1040 1071 1122 inquit,

179 1120 211 1176 81
224 1118 330 1197 pudor
343 1131 407 1195 est,
423 1130 455 1176 et
472 1116 512 1175 de
527 1115 659 1195 pulvino
669 1132 774 1199 surgat
788 1120 943 1198 equestri,

109 1202 167 1277 140
180 1197 275 1275 Cujus
288 1218 337 1257 res
346 1198 415 1278 legi¹
423 1216 490 1255 non
504 1192 631 1268 sufficit,
647 1212 678 1256 et
690 1197 822 1301 sqdeant
835 1198 889 1259 hic

177 1333 310 1471 ssuumvis
320 1370 425 1423 pauper
434 1354 540 1421 aliquid
556 1355 671 1431 affirmet
682 1355 788 1421 juratus
796 1375 845 1425 per
857 1359 932 1409 Deos
945 1370 1069 1415 veteres

203 1421 351 1487 rojanorum
368 1437 384 1469 e
397 1420 578 1470 Suntotluuciu
595 1419 657 1469 olim
674 1425 811 1472 arcessitos
819 1455 827 1481 ,
845 1433 874 1474 et
889 1428 1062 1478 recentiores

173 1486 250 1537 Deos
275 1487 476 1541 Romanorum,
498 1483 603 1548 salsum
628 1495 718 1535 tumen
741 1486 831 1553 jurare
856 1489 1066 1554 existimatur,
1097 1538 1099 1541 ,

173 1565 261 1616 neque
269 1548 389 1612 fulmina
398 1549 592 1614 pertimescere,
604 1566 636 1597 uc
648 1550 716 1615 ipsos
731 1554 811 1601 ctiam
826 1568 948 1617 spernere
955 1555 1062 1616 Deos,

173 1612 254 1680 idque
273 1614 343 1662 bonci
364 1616 477 1679 ipsorum
494 1614 584 1663 ueniti.
603 1613 665 1662 Huc
683 1617 787 1665 accedit
808 1616 879 1681 quod
899 1616 972 1665 idem
988 1635 1064 1684 pro-

167 1680 270 1746 positus
280 1675 386 1727 videtur
395 1694 450 1726 erse
459 1677 581 1727 omnibus
591 1678 628 1727 ud
639 1678 780 1729 ludibrium
794 1691 822 1729 et
827 1680 914 1745 jocos,
923 1682 949 1728 si
965 1681 1064 1732 lucer-

171 1759 237 1797 num
246 1752 323 1807 gerat
331 1741 474 1791 obsoletum
484 1752 657 1803 nuisement,
667 1744 691 1790 si
701 1753 789 1807 togam
794 1761 892 1811 purum
902 1755 1063 1811 comptam,

171 1809 195 1857 si
210 1806 323 1857 alterum
341 1824 356 1856 e
373 1806 468 1858 calceis
485 1807 577 1855 hiante
595 1807 662 1854 corio
674 1818 828 1874 pertusum,
843 1819 890 1857 cut
901 1808 1005 1874 pingui
1022 1830 1063 1863 ac

170 1873 270 1921 recenti
285 1873 340 1931 lino
356 1871 427 1920 mule
441 1881 579 1921 consutum
594 1872 677 1919 variis
694 1872 723 1920 in
742 1873 813 1922 locis.
831 1871 893 1921 Hoc
912 1888 996 1921 unum
1013 1887 1064 1926 est

169 1930 291 1987 videlicet
310 1935 413 1985 miserae
429 1936 588 2001 paupertatis
607 1934 649 1983 vel
666 1937 808 1985 maximum
827 1935 1062 2003 incommodum,

168 1998 241 2065 qubd
260 1998 380 2048 homines
403 2010 565 2065 opportunos
588 1998 697 2047 aliorum
717 2000 805 2049 saunis
828 2009 855 2048 et
874 1999 937 2048 risui
954 1999 1059 2053 faciat.
1100 2030 1101 2033 ¹

106 2118 111 2125 ,
167 2063 260 2115 Audis
279 2062 356 2111 illum
373 2064 421 2128 qui
435 2079 498 2111 suas
515 2063 630 2127 singulis
645 2063 674 2110 in
692 2064 792 2112 theatro
810 2063 887 2112 sedes
905 2066 1061 2132 ungunt,

166 2126 263 2196 quibus
277 2125 365 2175 uerbis
396 2142 520 2191 ruginem
532 2127 647 2191 equitem
661 2127 769 2192 eiiciat?
784 2127 1061 2196 Facessut‚·inquit‚

166 2202 208 2251 et,
225 2180 249 2241 si
265 2207 316 2259 quo
329 2207 367 2256 pu
387 2207 430 2238 ore
443 2190 578 2255 tangitur,
597 2192 626 2238 in
647 2190 774 2243 sedilibus
793 2192 911 2266 equitum
929 2208 965 2241 ne
983 2202 1060 2245 con·¹

166 2255 252 2319 sidat,
269 2257 317 2323 qui
334 2270 387 2306 non
404 2254 487 2304 tates
500 2270 608 2304 censum
624 2271 640 2302 α
661 2255 912 2321 Iegcconrtitutum.
928 2257 965 2305 ln
986 2258 1060 2310 istis
1099 2282 1101 2285 ·

185 2436 256 2488 -rco-
269 2423 476 2473 Samotbracum.
491 2421 583 2472 Samo·
651 2420 706 2487 139.
745 2421 869 2470 Pulvino.
915 2418 1058 2476 Pulvinus

165 2480 263 2536 threicia
272 2488 355 2536 insuia
363 2499 402 2536 est
410 2486 584 2554 marisAEgei‚
616 2484 707 2550 piumb
738 2484 780 2535 rei
813 2494 932 2534 tomento
961 2484 1059 2540 {artus

166 2550 287 2601 Thraciae
315 2551 444 2616 adjacens.
472 2551 504 2598 In
525 2566 584 2599 enm
617 2549 693 2598 sedili
715 2547 875 2598 insternitur.

163 2613 303 2665 Dardanus
321 2631 354 2664 ex
371 2614 448 2663 Italia
466 2613 493 2662 fu
512 2614 583 2675 iens,
613 2610 617 2617 '
651 2617 705 2677 140.
716 2614 792 2679 Legi.
804 2613 883 2662 Anno
896 2596 934 2662 [i.
946 2611 978 2660 C.
996 2614 1057 2667 685

163 2678 282 2729 Deorum
306 2679 351 2747 qui
375 2678 413 2727 ibi
433 2630 585 2727 colebantur
599 2742 601 2746 ι
616 2677 680 2726 Luc.
697 2677 808 2727 Roscius
820 2675 892 2725 Otho
906 2674 1058 2730 Tribunus

162 2745 314 2813 peregrinas
322 2742 497 2811 religiouosin
505 2740 585 2807 Phry·
616 2740 701 2853 Blebis
728 2740 814 2808 legem
842 2739 922 2802 tulit,
944 2754 980 2789 ne
1005 2745 1057 2794 cui

183 2809 234 2857 'am
244 2808 436 2870 invexit‚unde
444 2806 472 2855 in
480 2805 584 2857 Italiam
628 2804 706 2855 'reret
731 2805 822 2855 sedere
845 2803 872 2853 in
895 2807 924 2865 14
948 2802 1058 2870 primis

162 2824 196 2921 ib
211 2871 303 2922 AEuea
318 2882 379 2921 sunt
391 2870 487 2921 allatae.
616 2868 848 2936 postOrchestram
855 2866 1058 2935 gradibus,uisi

197 2933 253 2989 130.
294 2936 456 2986 Nostrorum.
499 2933 584 2987 Verbi
616 2948 721 2983 censum
741 2944 887 2998 equestrem
910 2929 1054 2998 haberet,

162 2996 264 3067 gratia,
281 2999 393 3063 Martis,
414 2997 534 3063 Quirini,
555 3011 582 3048 et
613 2996 641 3045 id
666 3008 724 3057 est,
744 2999 792 3060 400
814 2993 932 3046 sestertia
961 2993 1056 3060 (vide

161 3061 440 3128 eliorum‚quiR0mae
449 3061 581 3131 praecipui
614 3059 699 3111 Satira
717 3061 750 3123 Ι,
775 3074 851 3110 versu
897 3074 928 3119 1,
956 3059 1054 3128 verbp

161 3125 322 3176 colebantur.
617 3123 856 3189 Quadringenta.)
871 3075 944 3171 inter
960 3122 1052 3176 sedes

195 3191 250 3241 151.
287 3190 414 3240 Cicatriae.
450 3190 580 3241 Foramen
612 3187 743 3257 igiturassi
763 3182 1048 3254 nutasspectatoribus

161 3251 242 3307 calcei
257 3264 354 3307 sartum
364 3266 391 3306 et
402 3265 548 3323 consutum.
611 3252 640 3304 iu
654 3250 754 3320 enphit
774 3248 976 3375 eanmffrimoe,
988 3248 1048 3301 Se-

1018 3522 1036 3555 'b
