2136 3906
133 211 194 295 ιρι
354 212 518 273 Anni
558 212 791 276 pensu

81 307 123 381 40
134 315 174 371 Et
187 312 283 395 magis
293 315 408 372 auratis
419 312 562 392 pendens
575 312 774 393 laquearibus
786 316 873 375 ensis

132 394 312 471 Purpureas
325 391 433 452 subter
446 392 583 451 cervices
598 394 728 451 terruit?
742 396 826 452 lmus
840 438 849 462 ,

134 474 222 532 lmus
234 474 424 551 precipites,
437 473 534 552 quiin
546 473 573 530 si
585 471 642 531 sibi
655 472 739 532 dicat
752 476 890 532 etintus

134 552 254 611 Palleat
268 551 396 621 infelix,
406 550 497 632 quod
509 553 655 629 proxime
665 553 785 611 nesciat
799 573 902 613 uxor.

134 633 226 710 Saepe
240 631 366 700 oculos.
381 631 510 689 memini
518 675 531 709 ‚
544 630 701 712 tingebant
714 651 827 708 parvus
841 629 935 692 olivo
945 678 957 701 ,

77 703 119 782 45
136 710 275 769 Grandia
284 713 309 769 si
323 709 441 770 nollem
454 713 599 768 morituti
611 707 705 768 verba
716 710 848 768 Catonis
905 779 910 784 ,

134 792 266 850 Discere
278 790 318 848 ab
329 791 441 849 insano
452 788 588 847 multum
601 788 757 846 laudando
767 792 948 869 magistro,
966 832 984 859 .
1062 818 1063 843 ι

139 870 220 948 Qnae
235 883 325 949 pater
336 869 480 929 adductis
493 868 746 929 sudansaudiret
758 870 877 927 amicis.
1062 930 1063 933 ,

138 950 217 1008 Jure
227 952 347 1009 etenim
354 949 389 1006 id
398 969 571 1018 summum,
584 947 663 1028 quid
673 947 784 1006 dexter
793 950 887 1007 senio
901 946 1026 1020 ferret,
1062 1004 1063 1035 ,

135 1104 173 1138 aa
194 1088 319 1155 mojorem
336 1086 464 1139 Damocli
480 1089 550 1137 ensis
568 1103 584 1137 e
603 1085 726 1161 laqueari
741 1102 897 1152 appensas,
919 1098 950 1137 et
967 1089 1025 1153 ejas
1062 1086 1063 1089 ’

135 1155 217 1218 capiti
235 1154 400 1212 imminens,
421 1153 538 1201 timorem
560 1149 669 1212 attulit,
690 1154 772 1224 quim
795 1168 812 1198 a
838 1162 881 1200 ert
901 1153 1024 1218 improbo

135 1218 268 1266 cruciatus
280 1217 416 1266 sceleratae
425 1216 605 1278 comcieaooe,
618 1216 676 1264 edm
686 1224 724 1263 ata
732 1231 760 1263 se
772 1213 803 1267 al
829 1217 946 1280 quitur:
961 1217 1023 1266 Heu

130 1296 212 1346 pereo
227 1282 307 1328 miser
341 1289 369 1328 et
379 1293 500 1345 princeps
517 1280 546 1327 in
563 1279 676 1328 esitium
697 1279 758 1326 ruo!
776 1283 859 1352 qadm
881 1280 949 1329 tltoe
961 1281 1023 1343 for.

136 1346 250 1393 midiaes
259 1314 354 1416 quidus
363 1352 479 1391 vexatur
492 1341 525 1389 ol
539 1358 589 1390 sua
600 1341 701 1391 scelera
710 1376 719 1402 ,
731 1351 880 1408 tacitusque
900 1345 1022 1406 rodinis,

135 1409 204 1456 adeo
222 1416 252 1453 ut
266 1406 330 1453 illas
349 1405 451 1470 aperire
467 1406 584 1467 amicis,
610 1422 643 1454 ac
668 1423 703 1456 ne
728 1407 806 1454 avari
822 1407 945 1471 quidem
966 1422 1022 1457 srtoe

135 1468 250 1519 audeat!
261 1468 394 1534 Equidem
409 1469 469 1518 crim
486 1484 568 1518 essem
574 1469 721 1535 parvulus,
740 1470 851 1517 memini
868 1487 916 1519 me
933 1472 1021 1521 oleam

75 1565 78 1572 -
134 1534 218 1582 oculis
233 1532 378 1582 adnwvisse
393 1548 447 1580 non
463 1532 566 1589 semel,
580 1543 610 1582 ut
627 1533 715 1600 lippus
736 1549 811 1592 esse,
830 1543 882 1581 aut
894 1535 1019 1584 laborare

135 1598 217 1647 oculis
235 1597 361 1655 viderer,·
379 1596 460 1662 idque
472 1596 629 1660 faciebam,
646 1613 680 1645 ne
701 1596 856 1645 mandarem
881 1601 1021 1649 memorie

134 1663 278 1710 credonem
301 1656 408 1711 Catonis
429 1660 558 1710 Uticensis
578 1661 710 1719 ammirari,
734 1660 834 1724 pandi
851 1663 928 1726 stylo
950 1680 1016 1712 com·

133 1726 267 1791 positam,
286 1741 367 1790 qrtam
380 1727 534 1774 recitaturus
551 1740 633 1773 essem
644 1724 759 1782 scilicet,
780 1724 916 1774 laudante
936 1729 1015 1777 velte·

136 1800 239 1840 menter
258 1791 378 1855 magistro
398 1805 469 1849 meo,
490 1799 517 1837 et
526 1798 603 1854 patre
620 1804 679 1837 cam
700 1788 792 1836 amicis
809 1789 937 1838 invitatis
955 1807 1014 1840 eam

135 1854 275 1910 audiente,
287 1870 319 1902 ac
331 1862 462 1901 inetteente
470 1853 586 1918 graviter
593 1867 630 1899 ne
643 1853 712 1900 inter
723 1850 938 1902 dechmaridum
1004 1882 1015 1893 ·

136 1934 233 1966 cerem.
242 1916 281 1966 Et
293 1919 355 1965 verd
363 1918 394 1964 in
404 1915 453 1963 illa
464 1925 543 1964 aetate
548 1915 608 1980 jare
616 1915 810 1989 qrtodammodo
819 1915 943 1966 videbar
953 1872 1015 1967 diedo

131 1981 217 2045 posits
234 1982 317 2044 qzutm
333 1979 427 2029 litteris
445 1980 572 2029 delectari
589 1996 599 2027 .·
618 1979 648 2027 td
659 1979 797 2044 principa&
809 1989 873 2029 tunc
889 1984 1018 2048 optabam

134 2105 189 2168 ris,
205 2100 302 2152 Siciliae
313 2101 468 2176 Tyrannus,
486 2103 555 2154 sole·
588 2102 700 2153 felicitas
718 2102 824 2172 Regum
842 2114 919 2152 esset
935 2121 1017 2174 agno·

133 2168 180 2217 bat
201 2166 322 2216 homines
339 2182 367 2214 ιιι
384 2182 455 2215 aereo
480 2179 556 2217 tauro
587 2167 642 2229 vit,
658 2166 777 2234 solvique
794 2181 823 2216 se
837 2168 963 2232 periculo
976 2185 1017 2220 ro·

133 2231 289 2293 includere,
312 2229 352 2280 cai
380 2245 442 2280 11101
465 2230 555 2300 ignem
591 2230 671 2300 gavit.

134 2295 301 2361 subjiciebat,
320 2294 433 2345 acvivos
451 2295 554 2346 ululan-
620 2294 660 2358 45.
674 2294 790 2343 Catonis.
801 2293 862 2342 Fuit
871 2292 921 2344 ille
932 2311 1017 2363 nepos

132 2369 225 2424 tesque
233 2358 326 2408 misere
337 2359 457 2409 necabat.
587 2357 726 2407 M.Porcii
735 2358 861 2418 Catonis,
877 2359 1017 2409 Uticensis

166 2425 207 2485 4¹·
217 2422 364 2486 Puqmreas
372 2425 491 2472 cervices.
502 2425 553 2474 Co·
587 2421 687 2482 dictus,
698 2421 761 2488 quia
768 2432 829 2488 post
834 2420 1017 2473 Pharsalicam

83 2480 91 2493 ’
133 2483 555 2553 ρηῑῦιιιιοείἰιιιιιίίιὶ,ριιιριιιώ
586 2500 622 2597 {Iu
661 2503 703 2534 om
713 2485 810 2552 recepit
821 2501 850 2533 se
859 2485 975 2535 Uticam
989 2488 1015 2536 in

133 2560 205 2598 veste
224 2548 317 2597 induti.
335 2547 478 2597 Damocles
495 2550 554 2599 clm
615 2502 689 2598 rl'dm
700 2549 812 2611 Ati-icae,
821 2548 867 2596 ubi
875 2582 883 2609 ,
891 2565 931 2598 ne
941 2552 1016 2600 veni·

133 2610 252 2661 laudaret
275 2610 418 2661 adulatorie
446 2611 554 2662 felicita-
585 2623 625 2661 ret
636 2613 663 2661 in
676 2611 906 2672 manusCaesaris,
919 2613 1015 2682 gladio

133 2685 188 2724 tem
198 2674 440 2740 Dionysii‚Siciliae
452 2676 554 2741 Tyren·
585 2689 614 2724 se
625 2675 748 2725 confecit.
977 2680 980 2684 “

120 2739 179 2802 ⁴ni,
198 2739 260 2789 l'ecit
278 2738 318 2787 illi
336 2750 461 2804 tyrannus
481 2739 553 2791 vafer
616 2739 656 2852 ⁴1¹8.
668 2741 846 2790 ldsummums
861 2739 1019 2791 Videbatur

133 2802 285 2869 experiendi
315 2800 427 2868 copiam.
454 2802 552 2854 Homi-
585 2803 621 2850 mi
642 2804 740 2870 ipnero
749 2817 865 2853 summus
885 2802 935 2853 ille
945 2821 1018 2872 apex

106 2922 111 2933 Ι
134 2881 195 2915 nem
207 2866 240 2916 ad
249 2868 399 2916 instructam
408 2866 483 2934 regio
491 2867 553 2918 luxu
585 2865 741 2929 felicitatis,
760 2877 787 2916 et
805 2877 930 2916 votorum
955 2884 1017 2917 om·

135 2944 252 2979 mensam
272 2930 345 2994 jubet
367 2930 518 2982 accumbere
543 2949 550 2994 3
585 2930 673 2991 nium,
686 2931 751 2979 scire
771 2929 829 2978 alei
847 2929 951 2980 ludene.
963 2932 1016 2983 Se·

133 2993 181 3040 sed
197 2992 275 3042 simul
295 3009 310 3042 e
329 2993 445 3061 laqueari
462 3009 551 3044 ensem
584 2993 630 3041 nio
648 2991 759 3046 eratille
769 2994 868 3065 jactus,
883 3009 938 3057 quo
950 2999 1017 3061 quis

131 3056 230 3104 nudum
250 3057 344 3123 equini
356 3061 412 3107 serd
428 3059 552 3126 suspendi
602 3068 678 3106 uncta
689 3073 734 3105 sex
744 3056 871 3105 ollerebat
879 3055 908 3104 in
921 3060 1016 3128 singu-

42 3140 46 3147 ·
131 3118 207 3184 suprl
235 3118 306 3168 illius
329 3133 405 3188 caput
429 3121 548 3188 imperat.
580 3073 614 3170 lls
636 3119 752 3183 tesseris,
775 3135 833 3185 quae
853 3119 937 3188 vnlgd
955 3133 1015 3174 tres

129 3179 287 3243 Damocles,
304 3183 355 3233 hoc
375 3188 548 3237 metuexani·
579 3183 761 3250 jaciebantur,
791 3193 900 3248 eratque
919 3184 1013 3248 jac'tns

127 3255 226 3313 metas,
237 3244 403 3311 quimenxie
413 3261 439 3303 et
449 3252 547 3317 missia
580 3247 696 3301 omnium
712 3245 878 3299 felicissimus
887 3247 901 3309 3‘
912 3250 1010 3302 contra
