2136 3906
821 40 824 93 Ι

152 169 741 296 suriusou'ssra
828 213 888 311 ssa

17 317 52 378 Si
70 329 168 396 potes.
188 317 357 397 Egregium
372 317 447 376 cim
462 336 515 376 me
532 316 645 376 vicinia
660 315 765 385 dicat,
899 332 941 405 40
960 326 963 339 ‘

17 398 94 456 Non
109 394 267 454 credam?
281 398 347 455 viso
373 397 398 456 si
413 395 528 476 palles,
557 393 722 474 improbe,
737 399 889 455 nummo!

18 474 52 534 si
62 473 167 554 puteal
182 474 280 534 multi
297 490 407 536 cantus
425 475 523 536 vibice
537 473 688 556 flagellem
719 493 722 499 ’

18 556 90 615 Nec
106 556 276 636 quicquam
299 555 419 635 populo
433 554 551 614 bibulas
568 552 733 614 donaveris
748 574 849 615 sures

20 634 147 712 Respue
187 635 252 693 uod
266 654 330 694 non
343 634 492 695 es:toliat
503 655 559 694 suu
577 655 713 694 munera
726 635 848 695 cerdo:
882 660 890 666 ·

17 713 141 773 Tecum
163 655 303 852 (bublum
333 730 366 774 et
398 718 483 776 noris
513 715 610 798 quim
639 715 678 774 sit
713 712 767 773 tibi
801 713 941 796 curtadb

136 812 216 873 supe
241 814 289 854 ex.

17 904 23 921 2

18 947 66 999 ie,
81 939 105 986 si
111 946 198 1003 potes,
221 938 329 1004 accipe,
348 947 375 987 et
386 936 457 987 Iaesis
466 939 550 989 nervis
560 970 570 997 ,
592 939 717 1004 corruptis
726 938 891 1002 visceribus,

20 1017 89 1067 nega
102 1011 127 1051 te
136 1011 273 1067 aegrotare.
286 1004 374 1068 Atqui
386 1018 427 1050 me
442 1005 527 1053 vicini
542 1020 633 1054 omnes
645 1003 892 1055 laudantetvirum

20 1079 80 1115 esse
103 1065 199 1114 bonum
212 1066 385 1133 praedicunt:
402 1082 449 1114 cur
466 1069 523 1118 iliis
541 1085 595 1117 nun
612 1066 737 1118 credam?
752 1068 793 1129 Si,
810 1085 825 1115 o
841 1069 891 1117 im·

16 1129 113 1197 probe,
136 1131 193 1178 viso
213 1145 334 1193 nummo,
361 1129 418 1194 ejus
433 1130 563 1182 desiderio
575 1132 738 1198 perturbaris
756 1149 765 1178 .·
781 1131 805 1179 si
821 1131 893 1187 debi-

19 1203 88 1244 tores
97 1190 160 1242 'tuos
170 1194 270 1261 iniquis
280 1194 365 1244 usuris
376 1210 459 1244 vemas
465 1214 477 1255 ;
495 1196 596 1262 frustra
607 1212 682 1246 autes
698 1193 787 1244 laudis
799 1197 892 1245 avidas
954 1214 960 1227 ‘

14 1273 55 1325 po
74 1257 117 1306 ulo
134 1257 260 1307 adulanti
266 1258 378 1324 proebes.
389 1261 513 1325 Repudia
524 1260 617 1313 laudes
629 1294 635 1321 ,
648 1259 696 1311 ubi
705 1275 759 1307 uon
767 1259 892 1311 debitus:

18 1273 83 1383 vib
95 1319 235 1387 plebecula
255 1331 282 1371 et
303 1322 388 1387 infimi
400 1325 451 1373 arti
469 1343 511 1375 ces
531 1334 633 1376 servent
647 1323 697 1373 sihi
715 1339 777 1373 suus
793 1323 892 1375 adula-

20 1385 105 1434 tiones
119 1394 146 1433 et
159 1403 208 1435 sua
227 1385 314 1445 doum
334 1397 359 1436 te
378 1388 493 1454 inspice,
514 1400 539 1440 te
554 1388 678 1447 consule,
695 1388 742 1452 qui
758 1388 808 1446 sis,
826 1388 894 1464 quid
917 1390 922 1399 '

18 1447 136 1522 hubeus:
148 1461 203 1499 tum
213 1450 347 1517 intelliges
361 1454 443 1518 quum
456 1463 511 1503 tuae
528 1469 589 1518 opes
604 1471 638 1505 ac
655 1450 767 1501 virtutes
785 1467 895 1520 exigua

18 1523 82 1564 sint.
844 1554 846 1563 .

54 1641 149 1691 Nereos
163 1641 272 1706 decipe.⁴
282 1641 442 1709 Metaphora
472 1641 587 1693 vulneris
598 1638 692 1693 inflicti
703 1675 711 1705 ,
722 1641 895 1694 cicatrix.Per

19 1703 125 1753 ducitur
135 1704 168 1753 ub
180 1705 212 1752 iis
220 1704 265 1770 qui
276 1704 335 1753 cirm
347 1707 440 1757 urticu·
474 1706 542 1755 hanc
548 1705 728 1771 metaphoram
735 1705 756 1754 si
794 1706 895 1756 iiicatur

19 1767 72 1818 lari
85 1770 178 1817 morbo
185 1767 304 1816 [alutem
315 1779 360 1819 aut
370 1785 443 1835 pera·
475 1769 604 1822 acerbitas
612 1779 638 1818 et
649 1768 749 1820 sevitia
769 1782 897 1819 uenerato-

16 1831 94 1904 lysi,
119 1831 164 1897 qui
183 1845 278 1880 nervos
300 1832 442 1899 obtundit,
474 1831 731 1897 mmmdebitores,
747 1832 898 1902 sivelitigu·

20 1895 127 1962 fingunt
138 1910 165 1943 se
175 1895 366 1946 ramsuvaiere.
476 1908 561 1947 torum
573 1895 738 1964 improbitas.

55 1958 215 2022 tuemur.
229 1956 336 2027 Proprie
345 1972 384 2012 est
416 1979 444 2013 u·
507 1966 549 2028 44.
570 1962 625 2013 sua
651 1977 770 2011 munera.
792 1959 899 2012 Laudes

20 2020 60 2071 tei
70 2021 231 2096 operculum.
241 2023 328 2075 Locus
334 2023 383 2075 fuit
417 2041 444 2077 ο·
474 2025 618 2077 immeritas
635 2036 712 2078 vocat
734 2041 843 2075 munera
858 2041 900 2077 as·

21 2100 75 2136 mae
87 2096 125 2135 itu
136 2085 238 2148 dictus,
260 2087 288 2136 in
304 2104 357 2156 quo
368 2105 442 2139 exer·
475 2089 624 2143 sentstoris.
673 2090 677 2095 ’

20 2149 268 2216 cebanturjudicia3
288 2163 395 2221 eratque
404 2154 443 2204 ibi
511 2154 610 2206 Cerdo:
625 2152 713 2205 Cerdo
730 2164 770 2203 est
781 2164 899 2205 veterum

19 2213 145 2264 Proetoris
162 2212 295 2277 tribmul3
318 2216 347 2267 in
368 2235 442 2268 eum·
475 2218 621 2269 calceorum
629 2218 754 2280 sutor,iu
762 2217 813 2267 hoc
822 2219 899 2282 luco)

21 2277 85 2329 dem
98 2278 187 2329 locum
196 2277 368 2331 foeneratores
378 2298 442 2337 con·
475 2281 636 2349 vitisopii'ex
645 2281 766 2350 quilibet.

20 2340 182 2416 veniebant,
200 2353 230 2392 ut
249 2360 273 2403 a.
281 2344 446 2403 debitoribus
509 2346 551 2421 45
565 2347 656 2401 curu.
667 2346 898 2413 Mencbfflutilt,

21 2420 115 2454 usuras
127 2421 168 2454 ει]
188 2417 272 2456 erent.
479 2425 584 2480 exigua.

59 2467 163 2524 Vrbice.
204 2469 267 2524 ibex
283 2482 324 2524 est
341 2473 447 2545 signum
