2220 3896
139 226 201 291 318
277 220 280 227 ⁴
360 224 402 288 D.
423 212 796 290 ttovnltttts

139 331 172 389 st
191 329 300 388 vivunt
314 327 446 388 omnes?
468 329 549 408 Ergo
570 329 672 387 acrior
693 329 849 405 impetus,
868 322 991 400 etjam

139 410 220 468 Saxa
233 407 389 468 inclinatis
399 427 457 488 per
476 405 607 466 humum
622 407 752 485 quaesita
770 404 895 465 lacertis

138 487 302 568 Incipiunt
320 503 485 569 torquere3
508 485 680 546 domestica
694 486 849 545 seditione

80 574 122 640 65
141 567 238 640 Tela,
254 588 315 628 nee
338 568 425 628 hunc
443 565 598 647 lapidem,
616 565 726 649 quales
751 581 785 629 et
807 566 968 636 Turnus,
997 577 1034 627 et
1088 582 1089 593 ¹

302 648 380 706 ti'ax
825 684 839 711 ι

140 727 204 789 Vel
216 748 280 809 quo
291 670 429 808 titides
440 728 594 807 percussit
605 725 750 805 pondere
761 744 875 786 coxam

140 810 279 882 AEneae3
299 808 355 866 sed
362 828 460 888 quem
470 805 594 867 valeant
605 808 748 866 emittere
757 807 877 866 dextrae

140 887 203 948 illis
217 887 377 948 dissimiles
390 936 400 960 ‚
413 902 445 947 et
456 901 567 947 nostro
578 901 721 966 tempore
732 903 824 947 natae.
911 928 915 933 -

119 1006 124 1013 -
141 967 224 1035 Nam
237 988 334 1047 genus
350 966 413 1028 hoc
423 969 494 1027 vivo
506 969 570 1043 jam
583 965 787 1028 decrescebat
803 966 962 1033 Homero.

80 1074 120 1138 7⁰
144 1049 244 1107 Terra
255 1049 352 1106 malos
367 1048 510 1107 homines
524 1054 611 1107 nunc
625 1047 757 1118 educat,
768 1062 863 1129 atque
873 1051 1025 1130 pusillos.

141 1129 228 1206 Ergo
239 1130 327 1188 Deus
338 1130 531 1208 quicumque
542 1126 596 1184 ads
621 1128 684 1185 exit
695 1171 703 1197 ‚
715 1127 798 1187 ridet
809 1173 823 1202 ,
837 1144 869 1189 et
877 1131 961 1193 odit.

141 1209 171 1268 A
187 1208 373 1268 diverticulo
387 1221 550 1286 repetatur
566 1148 671 1265 sellula
686 1222 873 1287 :postquam

142 1288 291 1347 subsidiis
307 1287 406 1354 aucti,
419 1305 490 1364 pars
501 1284 598 1343 altera
616 1305 761 1364 promere
774 1287 898 1349 ferrum

142 1368 270 1441 Audet,
287 1379 318 1425 et
328 1360 447 1424 infestis
458 1381 597 1444 pugnam
607 1365 780 1426 instaurare
793 1370 909 1449 sagittis
924 1393 936 1444 ς

88 1455 132 1543 55
143 1442 246 1528 Terga
267 1444 350 1527 fugae
368 1442 464 1504 celeri
482 1443 697 1522 praestantibus
718 1435 882 1520 omnibus,
898 1451 1028 1511 instant

144 1527 207 1608 Qui
226 1525 324 1587 vicina
339 1523 450 1587 colunt
464 1523 620 1584 umbrosae
632 1525 774 1608 Tentyra
788 1525 909 1607 palmae.

141 1678 279 1737 hominum
294 1686 380 1736 millia
395 1685 520 1753 congredi
529 1683 598 1734 bello
609 1694 636 1733 et
644 1684 734 1734 soevire
745 1686 817 1734 inter
828 1703 855 1736 se
870 1688 1025 1750 hostiliter,

142 1751 166 1801 si
182 1768 259 1800 nemo
276 1752 441 1801 trucidetur.²
457 1748 607 1815 Maioribus
620 1749 700 1814 igitur
713 1751 812 1800 animis
826 1752 951 1818 odiisque
960 1771 1025 1802 con-

121 1864 124 1869 ,
143 1826 272 1876 currunt,
291 1833 361 1866 saxu
384 1815 515 1883 eolligunt
520 1846 529 1873 ,
545 1829 578 1862 ue
595 1822 716 1879 torquent
721 1831 734 1873 ,·
757 1830 790 1863 ea
808 1824 873 1866 sunt
890 1815 1025 1866 videlicet

143 1881 243 1931 usitate
264 1882 294 1930 in
314 1881 444 1930 seditione
464 1895 539 1928 amia
560 1897 570 1927 .-
592 1893 646 1925 non
669 1878 737 1927 tetes
756 1881 789 1928 a‘c
807 1888 894 1929 tentos
914 1880 1024 1946 lapides

143 1956 250 2005 tomen,
268 1945 378 2009 quoles,
394 1954 509 2009 quantos
528 1958 561 1992 ue
576 1941 655 2006 Aine
668 1952 695 1991 et
714 1941 818 1991 turnus
848 1944 1023 2008 rejiciebant,

143 2007 221 2081 quali
231 2006 378 2069 Diomedes
388 1958 592 2070 AEneoesZmu'r
600 2004 750 2055 vulneravit
756 2024 767 2065 ,¹
787 2023 815 2054 se
853 2007 951 2072 quales
962 2026 1023 2074 pro·

138 2072 240 2138 Jiciant
253 2086 349 2118 neonus
366 2069 423 2118 istis
439 2070 518 2137 longe
534 2070 651 2136 dispares
668 2079 696 2120 et
715 2069 914 2136 imbecilliores,
934 2074 1023 2122 domi·

141 2151 209 2185 rrum
224 2150 318 2208 nempe
334 2133 411 2199 liujus
422 2135 489 2183 oevir
500 2150 565 2183 nom
580 2151 613 2184 eu
625 2135 785 2183 robustorum
796 2136 933 2185 dominnm
943 2139 1022 2203 stirps

142 2209 171 2248 et
190 2208 263 2247 notio
274 2213 334 2264 jam
350 2207 407 2247 tum
428 2200 481 2246 incr
501 2197 574 2246 iebct
594 2200 695 2258 minui,
716 2199 776 2248 crim
795 2200 925 2250 Homerus
947 2202 1020 2251 vive-

138 2273 197 2322 ret,
215 2279 287 2311 nurse
297 2262 421 2312 mortales
435 2215 499 2312 tellp
543 2269 643 2312 recreat
652 2262 759 2337 exiguae
768 2272 894 2325 steiana,
913 2280 1022 2332 magna

143 2327 335 2393 improbitatis,
372 2344 418 2377 uos
436 2327 494 2376 edm
533 2327 606 2392 uperi
624 2326 789 2392 adspiciunt,
808 2329 896 2378 rident
912 2330 1020 2379 illorum

141 2393 299 2443 terruitatem
305 2423 314 2450 ,
358 2400 502 2446 etestuntur
517 2391 672 2457 nequitiam.
685 2389 742 2440 Sed
749 2391 787 2441 ad
797 2392 945 2442 institutum
956 2411 1018 2444 nor·

128 2456 274 2512 «rodonem
287 2454 321 2504 ab
336 2455 387 2504 hoc
406 2456 566 2518 digressione
583 2456 928 2522 redeamus-Posteaqzmm
945 2454 1021 2508 noete

142 2522 258 2586 utrisque
265 2518 470 2585 copioesnbsidio
478 2519 656 2579 advenerunt,
665 2520 726 2569 ausi
733 2531 796 2569 sunt
807 2519 1021 2584 Tentyritoeedu·

142 2601 202 2633 cere
208 2584 316 2650 gladios
332 2584 361 2631 in
376 2582 492 2641 ltostcm,
503 2584 605 2646 sagittis
625 2600 657 2631 ue
668 2583 790 2649 conjectis
798 2600 918 2650 pugnam
930 2587 1020 2635 redin-

141 2658 255 2714 tegrare.
269 2648 329 2700 Neo
341 2648 378 2697 ita
393 2645 477 2696 multd
483 2649 544 2712 pdst
557 2600 676 2696 emittas
697 2649 726 2696 in
739 2648 835 2712 jugum
850 2647 949 2713 effictos
956 2667 1018 2717 pre·

175 2771 217 2821 65.
229 2772 342 2822 Turnus.
351 2768 508 2835 Rutulorum
514 2804 524 2831 ,
536 2769 565 2820 in
597 2770 685 2839 lapide
704 2784 801 2834 armat3
816 2772 937 2824 similiter
951 2775 1019 2826 Dio·

141 2834 564 2898 ItaliaRex,AEneae1·ivalis,in
597 2835 703 2887 medem
731 2853 790 2887 eum
815 2837 909 2887 AEuea
933 2838 1018 2906 depu·
1088 2884 1089 2891 ,

162 2914 237 2962 uem,
253 2912 282 2949 ut
291 2911 380 2963 narrat
390 2894 562 2967 Virgttdtib.
596 2912 742 2968 guantem.·
1088 2912 1089 2953 ἕ

140 2916 217 3023 3111,
232 2965 280 3030 896
286 2962 421 3031 ,lapidem
433 2978 565 3032 praegron·
628 2964 670 3021 66.
701 2965 827 3040 Tydides.
851 2965 1017 3030 Diomedes,
1088 2958 1089 3005 l

142 3024 205 3075 dem
219 3028 353 3077 contorsit.
596 3028 684 3093 Tydei
691 3027 938 3093 filtuS,Graecmum
945 3030 1016 3080 Dux.

175 3090 265 3156 Ajux.
285 3091 340 3143 Sat.
358 3092 444 3151 VIII,
470 3108 497 3142 v.
521 3091 562 3154 84.
626 3092 676 3158 76:
698 3093 753 3155 Qui
767 3095 879 3153 vinitio,
905 3103 955 3142 etc.
984 3095 1017 3144 Id

142 3152 294 3213 Homerus,
311 3155 392 3205 Libro
403 3153 480 3205 Iliad.
493 3156 564 3219 VII,
596 3167 652 3215 est,
670 3157 816 3221 Tentyrites
827 3172 937 3223 quorum
951 3159 1014 3208 civi-

143 3234 204 3267 eum
217 3218 342 3288 singulari
353 3221 494 3269 certamine
505 3236 565 3269 cum
596 3231 636 3269 tas
654 3218 739 3269 vicina
757 3232 795 3269 est
812 3219 929 3287 palmeto
944 3255 953 3289 ,
971 3239 1018 3275 scu

144 3280 263 3336 Hectore
285 3283 452 3334 ‹limisantem
472 3284 565 3353 grandi
597 3283 678 3350 sylroe
689 3281 914 3351 palntsconsite.
