2136 3906
166 216 229 290 tlt
323 194 626 272 arrnnufx
657 212 729 273 nn
766 212 905 275 ons

167 311 294 361 miniosa
308 312 471 382 benignitate
481 312 584 380 excepit
596 310 672 362 Circe
684 345 692 375 ‚
716 310 830 362 famosa
841 313 982 365 venefica.
999 314 1042 364 iia

169 375 255 427 socios
268 375 374 451 Ulyssis
386 377 415 425 in
426 376 539 426 letarum
547 375 618 427 rana
627 387 745 425 momtra
756 378 980 427 transformavit
993 396 999 426 :
1011 381 1044 445 ips

128 450 132 457 ’
169 440 463 507 artesmegtcsselusit,
480 438 708 490 instmnusberbt
717 440 801 552 Md
810 458 862 503 ,sa
888 442 985 492 ientiae
996 459 1044 508 syn

169 503 248 565 bolo,
263 504 421 555 aMercurio
433 505 486 553 sibi
496 506 602 554 donati.
618 504 741 553 Metamo
796 541 804 554 .
823 459 897 555 Lil.
913 508 1045 570 14.Eiecr

171 567 248 617 Circe
260 570 399 643 atljuvante
410 602 418 630 ,
435 568 500 617 adiit
513 568 630 632 inl'eros,
647 568 693 617 ubi
705 585 721 617 a
760 569 848 618 iresia
858 582 930 619 vate
941 572 1021 620 multa
1028 588 1045 617 u

171 631 250 681 rebus
265 633 406 698 nhquando
423 632 474 680 sibi
492 632 620 682 creaturis
638 633 772 700 cognorit.
799 632 868 682 Pari
892 634 1045 684 felicitates

191 695 310 746 rudentis
328 695 446 745 Sirenum
470 696 577 746 dolosos
601 708 712 758 ecatus,
732 698 766 744 in
788 696 901 747 eodem
923 694 1042 765 Tyrrheni

172 711 250 809 htore
271 759 382 834 elingit,
402 760 533 809 sociorum
545 760 656 810 auribus
683 761 742 810 cerh
765 762 938 825 obturatis,
958 762 1046 830 ipseu‘

173 823 271 871 malum
290 822 422 892 alligatus.
441 825 508 874 Inde
519 824 634 874 Siciliam
649 824 751 874 rursiam
770 825 876 874 tenuit.
898 826 976 875 Solis
990 828 1046 876 bete

173 884 428 955 Phalitusanympha
436 890 558 955 pascebat
567 906 574 937 z
583 900 741 955 praeceperat
749 888 832 938 enixe
844 891 938 939 sociis
949 890 1045 955 Ulyssa

175 960 205 998 ut
215 951 294 1001 sacris
309 953 433 1001 armemis
445 963 635 1019 ternperarent;
649 953 750 1002 auditus
761 968 821 1000 non
832 965 890 1002 est.
903 955 918 1001 I
922 966 1000 1020 taque
1006 955 1045 1003 sn

176 1012 261 1076 irato,
275 1031 355 1065 naves
362 1033 421 1066 cum
431 1017 508 1066 sociis
517 1017 621 1080 amisit,
641 1015 735 1083 vixque
747 1016 776 1064 in
788 1016 891 1066 l'ractae
901 1021 972 1067 ratis
982 1019 1046 1066 tabia

176 1079 291 1127 enatavit
303 1081 336 1128 ad
346 1079 480 1149 Ogygiam
490 1080 601 1130 insulam
612 1115 620 1143 ,
631 1078 675 1128 ubi
685 1081 784 1128 recenti
791 1082 918 1148 navigio
930 1081 1046 1130 instructu

177 1157 193 1189 a
206 1141 332 1217 Nympha
347 1145 483 1209 Calypso,
503 1146 566 1193 mari
580 1160 608 1193 se
622 1144 760 1193 commisit.
785 1144 877 1194 Facto
894 1147 995 1194 iterum
1003 1163 1046 1194 nau-

176 1205 278 1274 fragne,
303 1210 376 1273 cujus
398 1219 487 1257 auctor
508 1209 667 1274 Neptunus,
685 1207 896 1274 Polyphemum
925 1209 1007 1257 lilium
1026 1210 1056 1258 rl³

177 1268 276 1334 Ulysse
294 1281 451 1321 excaecatum
465 1272 539 1341 eegr&¹
549 1276 652 1330 lenens,
671 1276 752 1321 evasit
770 1288 826 1339 ope
845 1274 1016 1323 Leucothoe
1029 1275 1056 1321 ir*

177 1333 289 1383 inutilem
302 1334 443 1399 Corcyram
454 1353 461 1396 3
472 1348 500 1385 et
510 1353 569 1385 acce
589 1337 622 1385 tis
635 1336 668 1385 ab
678 1334 800 1399 Alcinio,
816 1336 978 1388 Phaeacum
987 1354 1042 1409 rege,
1055 1360 1056 1377 1

176 1398 286 1447 navibus
306 1398 422 1447 Ithacam
445 1399 540 1467 attigit,
593 1415 683 1450 omum
704 1415 794 1459 suam,
814 1402 918 1451 rustici
939 1401 1007 1451 cultu
1020 1419 1045 1450 n·

178 1476 298 1529 gressus,
318 1466 528 1528 cognoscendum
540 1480 567 1513 se
579 1463 742 1513 Telemacho
754 1464 830 1528 lilio,
844 1477 874 1515 et
888 1466 958 1516 fidis
971 1467 1045 1533 aliqm

177 1525 282 1575 ramulis
292 1526 365 1576 dedit
376 1562 383 1587 ,
400 1532 509 1594 quorum
521 1529 602 1595 operi
611 1530 698 1602 procis
709 1527 821 1590 deletis,
838 1530 972 1580 tortunas
983 1565 990 1592 ,
1002 1546 1046 1578 urs-

179 1605 235 1638 rem
254 1607 286 1640 ue
296 1591 461 1658 Penelopen,
470 1605 638 1668 recuperavit.
649 1593 690 1643 Re
700 1593 768 1641 bene
781 1593 859 1657 geste
869 1593 969 1643 laetmn
978 1595 1047 1642 terina

180 1670 248 1722 ange
269 1667 295 1704 at
307 1668 408 1718 metus,
424 1674 458 1706 ne
475 1675 490 1707 a
507 1656 563 1706 fibo
579 1656 785 1715 interficeretu13
804 1657 834 1703 id
850 1661 935 1707 enim
954 1657 1047 1706 Treta

181 1718 338 1784 praedixerat
355 1736 362 1768 ι
379 1736 408 1769 ac
427 1737 460 1770 ne
471 1722 536 1771 tristi
548 1721 671 1769 vaticinio
690 1720 770 1769 fidem
789 1717 916 1784 laceret,
937 1722 1048 1791 cogitabat

181 1783 303 1833 secedere
311 1784 339 1840 in
351 1784 463 1850 aliquam
473 1784 640 1835 solitudinem
652 1818 661 1846 ,
681 1783 739 1833 clun
753 1781 922 1851 Telegonus
934 1821 943 1849 ,
961 1801 1048 1851 quent

182 1845 259 1896 Circe
272 1861 418 1922 penuerat',
446 1850 536 1898 audito
553 1844 624 1898 felici
641 1848 722 1923 patris
737 1849 765 1897 i‘u
785 1848 917 1897 itacham
937 1861 1048 1909 adventu,

183 1923 291 1960 accessit
305 1912 487 1982 gratulaturus.
504 1913 576 1962 Dum
593 1923 621 1961 nt
643 1922 749 1981 ignotus
762 1909 925 1977 repellitur,
950 1910 1048 1963 nonnihil

182 1975 308 2025 tumultlls
319 1987 405 2024 ortum
417 1978 501 2027 estad
513 1976 592 2027 sores.
610 1976 738 2025 Procurrit
751 1976 866 2041 Ulysses
878 2010 888 2037 ,
910 1989 1006 2027 utrem
1017 1992 1046 2025 oe

184 2050 321 2104 gnosceret
329 2074 337 2102 ,
353 2041 472 2106 interque
481 2040 603 2090 confusos
609 2040 824 2089 tumultuantium
838 2039 979 2091 clamores
987 2040 1046 2107 sapiri

183 2101 331 2152 vulneratur
342 2102 518 2174 aTelegono.
534 2104 603 2155 Fieri
622 2104 752 2154 medicina
767 2103 859 2172 plagae
884 2121 948 2155 uon
964 2102 1046 2174 potuit,

185 2163 246 2233 quia
257 2166 370 2231 jaculum
380 2183 483 2218 veneno
491 2168 617 2218 infectum
627 2179 691 2217 eret.
857 2193 861 2199 ·

362 2263 445 2314 cri.
473 2241 650 2337 xxtvrn.
683 2226 877 2324 murts.

186 2353 356 2443 AEitrrs,
373 2378 487 2432 Veneris
496 2384 528 2428 'et
546 2377 669 2428 Anchisae
681 2375 768 2437 lilius,
790 2374 945 2441 Creiisam,
973 2376 1050 2427 Primi

185 2454 305 2493 natarum
325 2460 423 2507 unam,
444 2443 561 2492 duxerat.
587 2443 610 2490 E
632 2444 726 2508 patrias
740 2439 865 2490 incendio
881 2439 998 2517 elapsus
1018 2456 1050 2506 epe

186 2507 295 2571 matris,
309 2500 412 2583 leptem
427 2521 510 2555 annos
528 2506 621 2555 erravit
645 2507 745 2554 incerto
765 2504 852 2564 mari,
872 2503 913 2552 ob
932 2522 1003 2555 iram
1017 2508 1051 2556 Ju-

187 2571 264 2620 nonis
278 2571 380 2623 sommi
400 2572 518 2633 Troiano
530 2584 632 2636 semper
649 2567 768 2618 infensae.
779 2566 832 2616 His
847 2571 996 2620 transactis
1007 2571 1051 2619 Car·

187 2635 322 2712 thaginem
342 2635 432 2698 venit,
447 2633 512 2694 ubi,
528 2633 749 2698 quemadmodum
772 2643 869 2682 canunt
887 2630 1052 2704 Virgiliuset

189 2700 299 2750 Ovidius
310 2736 318 2765 ,
331 2701 403 2750 Dido
414 2714 508 2749 novam
521 2697 650 2747 condebat
657 2697 748 2745 urbem
759 2731 766 2758 ,
787 2695 819 2746 ab
830 2710 919 2761 eaque
933 2699 1051 2748 mensibu

189 2764 290 2831 aliquot
304 2765 469 2826 retardatus,
485 2773 610 2812 monente
623 2760 729 2810 demum
741 2761 810 2811 Jove
826 2763 949 2834 pertenit
969 2763 1000 2812 in
1016 2764 1051 2809 Iu·

103 2883 106 2888 ,
188 2828 268 2885 liam3
288 2846 319 2879 ac
328 2830 398 2879 victo
408 2827 564 2878 Rutulorum
575 2841 638 2894 rege
650 2825 742 2873 Turno
754 2858 762 2888 ,
777 2824 919 2873 Lemniam
933 2827 1056 2903 regishas

189 2893 239 2942 tini
257 2893 339 2943 liliam
358 2911 418 2944 cum
438 2890 518 2941 dotali
539 2889 738 2958 regno‘accepit
771 2903 801 2937 ac
822 2886 947 2940 Romani
965 2889 1051 2960 rmperi

189 2956 359 3008 fundamenta
374 2958 443 3023 jecit.
459 2954 638 3020 Metamorplt.
650 2944 713 3003 Lib.
726 2923 756 3003 td
768 2956 844 3017 ⁶²¹4·
928 2966 933 2973 ·
1055 2976 1056 2983 κ

198 3049 202 3058 ’
218 3054 292 3105 Λευ.
305 3054 418 3104 axin..
432 3050 610 3103 nrrnrrrs
624 3051 647 3100 a
662 3028 816 3100 rannus
829 3045 1034 3102 curruum.

193 3139 274 3221 Cura
288 3165 377 3216 Poetae
389 3177 415 3215 et
424 3165 554 3214 Doctores
564 3158 857 3231 profanes-antiquitatis
864 3146 1001 3227 plurima,
1012 3178 1049 3230 qur

193 3231 225 3280 ad
236 3227 416 3296 explicandam
430 3245 514 3277 rerum
531 3241 648 3277 naturam
667 3239 711 3277 aut
721 3224 890 3300 instruendos
900 3243 1049 3302 ‘moresper

193 3294 292 3355 tinent,
313 3292 457 3343 simulacris
469 3293 605 3355 Deorum,
628 3303 655 3343 et
668 3288 761 3345 l'abuhs
778 3288 965 3356 tuvelvermt,
987 3294 1049 3358 disp·
