2210 3914
160 212 238 287 ‚24
381 204 845 301 -nrniuvnusnts

195 309 372 371 Luctantur
385 328 509 389 paucae,
524 307 699 369 comedunt
712 308 861 389 colliphia
874 314 1007 390 paucae>
1092 354 1093 357 ,

196 387 265 449 Vos
278 388 397 449 trahitis
407 388 526 461 lanam,
538 386 729 470 calathisque
740 405 868 469 peracta
880 390 1011 451 refertis

147 451 167 514 5
196 468 344 529 Vellera:
359 488 413 527 vos
426 469 514 527 tenui
524 483 741 550 praegnantem
753 472 885 530 stamine
896 468 1010 531 fusum

193 547 353 629 Penelope
367 546 486 618 melius,
499 549 609 608 melihs
624 551 778 630 torquetis
790 549 945 610 Arachne.

192 631 243 691 De
258 628 348 689 nobis
362 643 435 707 post
450 628 520 699 haec
531 630 625 693 'tsistis
640 631 795 689 sententia
809 629 919 689 fertur.

193 712 267 770 Dat
279 710 412 771 ueniam
426 712 542 783 cornis,
557 723 662 769 vexat
670 728 808 769 censitra
821 711 999 774 columbas.

193 787 358 870 Fugerunt
369 787 483 881 trepidi
494 806 568 847 vera
581 808 617 847 ac
627 786 794 848 manifesta
806 803 978 848 canentem

121 855 162 936 40
194 868 356 941 Stoicidae,
367 868 447 949 quld
462 868 547 926 enim
560 866 630 927 falsi
643 868 796 929 Laronia?
808 868 864 927 sed
877 868 957 950 quid

190 949 223 1007 N
224 968 265 1007 on
278 947 397 1007 facient
410 945 480 1020 alii,
495 947 568 1007 chm
580 962 615 1006 tu
629 946 762 1006 multitia
776 967 898 1020 sumas,
927 989 931 999 «

190 1025 314 1089 Cretica
327 1030 340 1090 i
353 1040 385 1088 et
397 1025 480 1087 hanc
494 1040 613 1089 vestem
626 1026 746 1108 populo
761 1029 894 1087 mirante
908 1044 1044 1108 peroret

188 1194 228 1245 ad
242 1189 445 1243 corroborandas
460 1192 529 1242 vires
539 1208 549 1240 .·
561 1207 609 1242 vos
624 1207 640 1240 e
655 1189 712 1241 cola
727 1189 948 1252 ducitisdunam,
961 1206 977 1238 o
991 1190 1061 1251 viri,

188 1258 255 1309 etin
269 1258 393 1307 vimineis
403 1257 474 1305 cistis
488 1255 604 1322 perfoeto
619 1272 703 1330 pensa
719 1272 747 1304 re
780 1256 873 1312 statiis
885 1269 932 1303 vos
945 1253 1062 1319 fissum,

188 1321 265 1389 cujus
284 1321 372 1371 media
389 1336 454 1387 pars
469 1319 586 1368 involuto
604 1335 702 1368 circum
710 1320 736 1384 fi
778 1321 939 1382 intumescit,
957 1318 1063 1378 doctius

186 1396 218 1436 et
239 1386 334 1443 citius,
359 1387 441 1451 qnam
469 1382 604 1450 Penelope
628 1392 678 1433 aut
700 1383 850 1443 Arachne,
872 1384 1060 1449 contemnetis.

157 1491 160 1496 .
185 1449 227 1501 Et
237 1449 326 1513 fertur
339 1458 430 1498 tamen
444 1456 534 1497 contra
552 1450 618 1504 nos',
634 1456 762 1523 tanquam
782 1462 858 1508 reas,
876 1447 973 1513 feralis
992 1463 1057 1496 sen·

186 1516 292 1577 tenna,
308 1511 444 1562 dum·uiri
460 1511 561 1560 abeunt
575 1511 711 1561 absoluta!
738 1510 843 1587 Nempe
866 1526 882 1561 a
902 1510 1060 1563 censoribus
1095 1542 1096 1545 =

184 1586 309 1627 notantur
325 1588 352 1626 et
369 1576 517 1643 plecnmtur
534 1573 684 1638 columbae,
702 1576 786 1626 corvis
804 1574 957 1644 agnoscitur.
967 1574 1056 1625 Laso-

184 1640 258 1691 niam
266 1639 859 1706 haecdicentem,quoeveraesseacmanifesta
867 1639 1060 1707 intelligebant

183 1703 357 1772 illiproeelari
367 1704 461 1765 Stoici,
489 1701 816 1770 adoresuffusiacmetu‚
873 1714 958 1753 erunt.
976 1700 1058 1767 Quid

183 1769 321 1823 animilia
333 1768 437 1834 falsum
484 1769 624 1819 'natast
640 1770 671 1819 A
689 1786 704 1818 e
720 1772 782 1819 vere)
799 1784 857 1819 cum
876 1778 905 1817 tu
922 1776 1057 1834 patronus

183 1832 297 1893 nobilis,
310 1844 338 1884 et
350 1833 476 1883 oriundus
487 1848 524 1882 esc
534 1832 581 1882 illo
590 1784 720 1893 Meteilo,
731 1834 780 1910 pui
795 1832 910 1892 Creticus
927 1842 968 1882 est
979 1848 1055 1881 nun-

181 1908 292 1965 cupatus
298 1931 307 1962 ,
327 1897 507 1973 bombycinum
517 1907 617 1947 vestem
635 1895 815 1947 mollissimam
826 1913 858 1946 ac
869 1896 1056 1946 tenuissimam

181 1958 289 2021 manas,
297 1964 383 2030 euque
392 1962 502 2012 indunts
506 1962 606 2029 populo
610 1961 771 2029 plectarum
777 1970 878 2013 vestam
888 1959 1055 2027 admirante,

180 2085 210 2137 iu
228 2084 597 2154 quoniruiro,arn1aa1u1ie
660 2090 701 2151 49,
738 2085 867 2139 Stoiiidae.
899 2083 1052 2136 Stoicorum

180 2160 301 2202 conserta
312 2159 381 2198 sunt.
628 2150 700 2201 velut
716 2161 826 2218 nepotes
843 2160 871 2198 et
890 2148 1049 2202 imitatores.

211 2213 253 2265 33.
267 2212 408 2278 Colliphia,
420 2212 596 2281 Colliphium‚
628 2214 711 2265 Erant
725 2213 807 2264 Stoici
819 2212 969 2282 philosophi
1014 2230 1048 2267 tt-

178 2278 345 2329 tecundarius
357 2279 451 2340 pastis,
468 2280 592 2334 corrobo·
624 2295 669 2329 ves
687 2295 717 2339 ac
737 2277 820 2337 seueri
833 2295 840 2327 a
853 2229 1047 2341 summitatibu-

178 2341 266 2392 tandit
279 2339 411 2410 pugilibus
425 2341 545 2405 idoneus,
625 2339 1050 2407 nutuinvictuteunacollocabant.

210 2403 594 2472 36‚Peneiope.Ulyssisuxor,
657 2412 699 2471 4¹·
716 2407 849 2456 Multitia.
860 2413 863 2423 '
875 2402 1019 2455 Multitium
1035 2440 1046 2470 ,

177 2468 291 2523 texenda
304 2466 358 2518 telb
371 2502 380 2531 ,
402 2470 488 2519 masiti
497 2471 596 2528 hiatur,-
626 2487 673 2529 seu
685 2473 763 2531 vesus
775 2470 902 2535 multitia,
914 2480 954 2520 est
962 2469 1047 2524 vestie

176 2532 594 2597 namabsentiam,acdesi,de1ium
625 2535 788 2596 mollissima.

175 2597 317 2649 solabatur.
606 2620 608 2626 ·
673 2617 697 2650 α.
722 2602 830 2651 Creta'ce.
896 2597 965 2647 intua
980 2588 1044 2649 Me-

192 2663 332 2713 Arachne.
340 2658 430 2713 Puella
444 2658 493 2710 luit
502 2663 592 2730 Lyda,
623 2603 701 2718 tellus
716 2665 745 2714 in
767 2663 840 2714 bello
883 2662 889 2674 '
904 2663 972 2711 atico
983 2672 1042 2713 tam

176 2741 237 2793 quae
256 2726 314 2776 oiim
332 2725 464 2776 Palladem
476 2726 591 2778 lanificio
623 2724 1042 2793 felicitercontraciutensesbel-

175 2800 393 2856 prctocasset,ut
402 2788 496 2839 sabulis
506 2793 593 2858 prodi·
623 2790 677 2843 lum
695 2792 791 2861 gessit,
802 2800 831 2839 ut
846 2790 878 2839 iis
894 2788 1000 2847 domitis
1010 2803 1042 2843 et

175 2862 232 2905 tum
241 2865 295 2916 est,
306 2855 373 2904 victa
387 2865 413 2903 et
430 2852 458 2902 in
467 2870 589 2905 araneam
620 2856 780 2924 triumphum
792 2866 819 2904 et
831 2852 926 2903 Cretici
937 2869 1038 2921 coguo-

175 2926 216 2965 est
231 2930 362 2969 conversa.
377 2915 455 2968 Ovid.
474 2917 520 2971 VI·
531 2920 591 2971 Me·
622 2936 683 2971 men
703 2918 850 2986 reportarit.
865 2917 1039 2975 Consulatum

172 2979 305 3045 tamorph·
621 2985 703 3052 gessit
713 2998 783 3033 anno
794 2980 876 3042 Urbis
890 2979 946 3043 684,
960 2981 979 3030 J
980 2981 1039 3032 udi-

204 3042 246 3094 38.
265 3043 392 3095 Lbnsuro.
410 3046 510 3098 Censor
519 3047 589 3124 apud
620 3063 678 3098 cem
690 3047 808 3105 nobilem
824 3043 1047 3098 hocnominesi:

170 3103 308 3156 Romanos
346 3110 462 3161 moribus
493 3111 588 3163 einum
619 3112 727 3179 gnificat
746 3121 818 3160 vates
838 3121 926 3159 noster
948 3124 955 3157 ε
979 3121 1038 3161 erat

170 3169 589 3246 emendandiapraecipuepraefec-
619 3174 859 3235 esumnobilisslma
871 3184 900 3222 et
908 3173 1032 3240 antiquis·

169 3242 212 3285 tus
226 3245 290 3287 erat.
618 3237 685 3292 aima
693 3237 863 3291 Metellorum
874 3236 983 3292 l'amilia.
994 3301 1034 3364 In
