2136 3906
175 193 736 258 sarranroarrs.
824 190 885 278 575

27 295 107 356 Scire
123 295 230 353 eratin
243 309 332 364 vot03
349 294 499 354 damnosa
513 295 661 356 Canicula
675 307 830 375 quantum

27 375 175 449 Raderetz.
185 389 322 510 anfustae
333 373 417 433 collo
431 395 495 433 uon
509 373 610 434 fallier
623 395 724 433 orcae:
895 369 936 433 50
963 419 966 425 ,

27 456 94 514 Nou
108 455 174 534 quis
191 474 225 513 ca
241 455 331 511 lidior
343 453 461 512 buxum
477 468 627 534 torquere
641 453 775 535 flagello.
845 475 851 486 ·
1003 465 1007 474 '

27 533 116 592 Haud
131 531 183 611 tibi
196 535 393 611 inexpertum
412 552 524 592 curvos
539 533 738 611 deprendere
752 552 855 594 mores

26 613 161 692 Quaeque
175 611 270 675 docet
284 614 424 691 sapiens,
441 609 590 671 braccatis
602 611 678 671 illita
692 612 793 672 Medis
841 650 845 655 -

26 692 178 756 Porticus:
198 692 348 750 insomnis
361 690 474 772 quibus
487 705 518 750 et
532 690 664 750 detonsa
678 694 822 766 juventus

26 769 171 851 Invigilat,
185 768 301 851 siliquis
315 785 346 830 et
359 772 469 852 grandi
482 786 568 850 pasta
581 769 719 849 polenta.
830 784 833 790 “
878 761 935 833 ,55

26 892 107 948 reiro,
125 886 190 955 qnid
200 888 274 952 selis:
293 888 341 939 itte
357 888 445 953 inetur
462 890 491 938 in
509 888 593 947 alen,
612 889 660 1000 qui
678 891 751 938 senio
770 890 885 949 dicitur,

26 956 98 1003 ferret
111 954 179 1015 lucri
198 971 207 1002 .·
226 954 294 1020 quid
311 954 461 1007 detrimenti
478 952 585 1017 afferret
605 952 653 1001 tte
668 988 676 1011 ‚
692 956 742 1019 qni
762 952 887 1003 canicula

26 1027 142 1075 vocatur,
165 1027 192 1066 et
210 1028 339 1083 quantum
361 1017 394 1066 de
412 1019 525 1069 nummis
541 1016 664 1082 depositis
683 1017 792 1083 eriperet
809 1036 818 1065 .·
834 1033 886 1083 qno

25 1091 95 1148 nocto
109 1082 136 1128 in
145 1097 233 1129 orcum
242 1081 375 1145 juciondoe
386 1098 466 1130 nuces
476 1091 576 1137 essent,
595 1080 632 1129 ita
643 1090 673 1128 nt
687 1080 720 1127 nb
732 1098 774 1130 ore
784 1080 886 1130 vasculi
923 1120 926 1132 .

25 1161 76 1193 rron
88 1145 248 1201 oberrarem
268 1161 301 1193 ne
312 1147 368 1210 quis
379 1144 509 1194 turbinem
523 1143 637 1193 buxeum
650 1143 825 1194 colliditisnte
834 1155 884 1193 tor-

25 1217 112 1275 queret
134 1209 195 1257 loro.
220 1207 318 1258 Venim
342 1219 370 1257 tu
393 1225 446 1257 non
465 1210 498 1257 eti
514 1207 572 1271 jam
594 1218 673 1257 oetote
692 1224 735 1269 es,
754 1211 885 1274 qubiunc

25 1272 238 1337 eromrignotum
257 1272 304 1326 tibi
319 1288 372 1321 non
390 1282 429 1322 est
463 1273 510 1321 uid
522 1274 551 1320 in
561 1271 672 1321 moribus
683 1288 802 1331 curvum,
818 1271 886 1338 quid

25 1333 163 1385 rectnm'sit
179 1353 188 1383 .·
207 1336 274 1384 nosti
284 1349 406 1400 qnaenam
441 1289 569 1402 bilosopbi
579 1335 659 1385 Stoici
675 1335 788 1385 doceant
798 1337 827 1384 in
836 1352 885 1385 sna

25 1400 133 1460 norticu,
153 1401 247 1448 ornato
257 1400 336 1465 pictis
345 1354 478 1463 abedo,
496 1416 602 1465 prognes
618 1399 757 1448 Persarum
778 1411 805 1449 et
821 1399 884 1448 Me·

24 1463 111 1511 dorum
125 1479 183 1511 cum
200 1463 296 1512 Groecis
314 1464 512 1523 exhibentibus,
533 1477 594 1526 quoe
600 1462 886 1529 jrtv'enespbilosopbioe

24 1526 142 1586 studiosi,
161 1543 249 1575 somno
265 1537 366 1575 utentes
379 1526 532 1600 ,narcissino
539 1558 548 1582 ,
568 1525 678 1574 oleribus
694 1543 726 1574 oc
748 1527 812 1574 >ulte
823 1535 884 1574 ten·

24 1592 74 1638 tbm
90 1601 239 1652 vescentes,
258 1599 285 1638 et
293 1590 371 1638 tonsis
381 1589 475 1638 inculti
488 1588 605 1654 cupillis,
618 1604 717 1638 summo
729 1544 818 1637 dabore
825 1605 885 1655 per·

24 1692 436 1759 inlelicissimus,quinotatasia-
509 1693 652 1742 Bruccutir.
673 1694 777 1743 Braccae
799 1703 885 1742 autern

24 1758 105 1809 :iebus
114 1757 229 1827 singulas
236 1756 316 1805 unico
322 1767 435 1866 functo,
469 1767 529 1804 sunt
537 1755 672 1805 femoralia
682 1756 818 1826 longiora,
828 1756 885 1822 qui·

24 1833 48 1872 et
64 1820 149 1883 cauis,
168 1835 214 1870 seu
231 1819 321 1869 canica
333 1836 348 1868 a
358 1833 434 1870 roca·
469 1819 518 1868 bus
530 1820 605 1872 Medi
616 1820 762 1869 utebantur,

23 1885 130 1934 banton·
500 1882 585 1933 lttna.
605 1883 693 1945 Picta,
712 1883 844 1933 coloribus
860 1894 887 1934 et

49 1948 91 1997 50.
102 1945 437 2009 Orcoe.Orcafictilerascu·
460 1946 572 2005 „tabellis
582 1945 677 1997 referta
688 1981 696 2009 ,
707 1949 734 1996 in
745 1947 838 2014 quibus
846 1948 886 1998 ri·

23 2008 438 2080 lumeratanguoocollo,inquod
470 2021 560 2060 suntor
568 2010 661 2073 Medi,
678 2024 706 2060 et
722 2011 826 2073 Persae,
837 2029 887 2078 pu·

23 2076 94 2142 pueri
109 2091 187 2124 nuces
204 2073 393 2136 con'iciebant3
411 2085 438 2124 et
469 2086 578 2139 girantes
592 2091 651 2125 cum
663 2075 886 2140 Atheniensibus,

23 2154 193 2206 luascumque
202 2138 231 2188 iu
242 2139 250 2187 i
261 2137 306 2187 lud
318 2139 436 2202 conjece·
469 2148 496 2187 et
505 2138 539 2188 ab
549 2138 582 2188 iis
591 2140 662 2189 victi.

23 2215 121 2264 :erant,
136 2215 269 2269 tamquam
285 2218 344 2251 suas
359 2199 436 2251 tolle·
500 2202 542 2265 54.
573 2204 703 2251 Detonsa.
733 2201 816 2251 Stoici
842 2217 885 2253 co-

23 2260 437 2342 nant3quasverbextravasabire
469 2280 539 2314 mam
552 2270 606 2314 nvn
621 2264 735 2315 alebant.
750 2265 828 2377 quod
841 2282 886 2315 ex-

23 2330 188 2399 :ontigrsset,
200 2345 243 2379 eas
256 2329 418 2378 amittebant.
469 2328 556 2438 fresae
575 2339 648 2378 notat
664 2330 682 2381 J
684 2345 766 2378 uvena
778 2329 800 2378 is
811 2364 819 2392 ,
831 2329 886 2379 Sat.

47 2393 90 2442 51.
122 2396 239 2442 Bonum.
266 2392 437 2441 Trochume
484 2394 514 2466 1,
530 2391 576 2440 ubi
591 2392 671 2442 habet
685 2409 691 2439 t
705 2395 792 2442 Rarus
804 2410 887 2442 senno

25 2473 99 2506 iuro.
118 2456 225 2507 Tertius
243 2468 283 2506 est
298 2470 437 2566 Enerorum
469 2454 544 2513 illis,
570 2467 597 2506 et
622 2473 719 2522 niagno
740 2456 822 2505 libido
846 2465 887 2504 tu·

25 2521 108 2583 udus,
127 2536 204 2588 quem
215 2519 296 2572 deseri
317 2519 339 2567 it
347 2518 436 2587 virgi·
469 2519 562 2582 cendi,
579 2531 658 2588 atque
676 2521 811 2587 supercilio
830 2520 886 2585 bre:

24 2586 81 2645 ius,
94 2585 164 2633 AEn.
175 2585 246 2645 V113
264 2595 291 2633 et
304 2592 379 2632 vocat
389 2598 435 2632 vo·
470 2584 614 2633 viorcomo.

23 2648 223 2698 lubilebnxum.
500 2648 541 2697 55.
561 2649 677 2714 siliquis.
696 2646 803 2713 Siliqnae
827 2658 887 2701 sunt

47 2711 90 2761 53.
102 2708 436 2786 Qnoequedocet‚etc.Non
469 2710 631 2780 leguminum
643 2710 738 2758 tunicae
750 2721 777 2759 et
787 2709 887 2760 follicu-

23 2786 56 2826 rst
74 2775 123 2827 tibr
137 2776 257 2845 ignotum
268 2773 331 2849 quid
344 2773 437 2847 doceat
468 2772 488 2822 li
502 2796 509 2822 ε
524 2774 568 2823 hic
578 2791 625 2841 pro
633 2773 764 2886 guibusvis
773 2773 889 2847 oleribusf

23 2836 437 2905 ›orticussapiens,rdest‚Stoi·
469 2849 619 2903 ponuntur:
660 2848 721 2884 torcr
738 2852 807 2884 emm
831 2852 888 2887 car·

23 2919 105 2951 :orum
115 2901 297 2967 Philosophia.
310 2900 435 2968 Chrysip·
469 2900 547 2949 nibus
557 2899 612 2950 fere
624 2899 798 2950 abstinebant.
809 2900 889 2964 Quod

23 2981 80 3024 urs,
92 2977 119 3013 et
128 2968 201 3014 Zeno
229 2965 376 3014 Stoicorum
389 2981 435 3014 an·
469 2965 542 3013 addit
552 2964 671 3023 Persius,
688 2963 786 3029 grandi
793 2960 901 3031 polen-'.

23 2999 308 3089 istites,docebontin
338 3029 435 3091 orrico,
468 3030 513 3090 ff,
535 3029 617 3078 virum
638 3038 712 3076 notat
729 3028 886 3093 robustum,

23 3108 76 3159 'uae
97 3090 215 3154 Graecb,
233 3093 294 3140 Stoa
313 3044 408 3142 dicitur
428 3106 434 3139 ε
468 3091 581 3158 ibrtique
594 3089 728 3141 stomacho
739 3091 886 3156 valentem,

23 3155 87 3204 inde
102 3155 180 3220 hujus
193 3166 272 3204 sectae
285 3153 436 3232 philosophi
487 3155 513 3202 ui
524 3154 634 3204 multum
645 3155 719 3222 panis
731 3155 839 3205 devoret
847 3172 888 3205 so-

23 3217 311 3288 itoicisuntappellou.
433 3244 439 3277 ·,
469 3172 620 3287 iummodb,
638 3217 886 3271 nullusautemcar·
