2136 3906
283 150 298 176 ί

149 244 399 310 stultit
440 242 717 328 Q'U‘INTA.
796 247 861 332 ‘405

8 369 55 411 on
69 350 104 408 in
117 346 255 418 festuea',
272 346 365 408 lictor
374 368 470 429 quam
481 351 575 425 jactet
587 341 730 430 ineptus‘
865 350 924 435 175

1 465 2 470 κ
18 429 141 490 shabet
153 426 282 498 illesui,
301 427 397 507 palpo
411 449 509 511 quem
525 428 614 488 ducit
631 430 773 489 hiantem

2 524 113 571 rotate.
125 508 275 582 ambitio)
294 507 416 589 Vigila,
433 523 466 568 et
482 511 566 571 cicer
578 510 686 590 ingere
700 509 783 594 large
846 520 850 535 ¹

6 591 108 649 ‘xanti
121 588 239 668 populo
256 615 269 658 ,·
282 602 390 646 nostra
399 602 435 646 ut
446 586 568 647 floralia
578 591 699 666 possint

1 671 87 750 prici
103 670 280 729 meminisse
293 687 399 738 senen
420 668 497 749 quid
515 666 703 747 pulchrius?
721 670 852 731 Atesim

8 749 118 811 erodis
134 768 251 809 venere
270 747 357 820 dies,
372 763 541 828 unctaque
556 747 695 808 forestri
865 747 925 812 180
1020 780 1024 787 ·

1 888 64 948 ius,
81 885 111 934 in
120 899 200 950 quem
212 883 287 933 lictor
301 884 390 950 inepte
403 884 538 947 festucam
552 885 646 950 jactat.
660 885 725 934 Jam
737 890 799 936 verb
816 903 854 937 en

7 967 24 1000 e
42 948 111 999 liber
124 965 157 997 ae
173 949 214 997 sui
228 946 298 1014 juris
314 957 368 1011 est,
387 964 466 1014 quem
485 950 528 997 ore'
540 959 630 1014 aperto
642 966 678 1015 po
697 949 783 1000 ulares
802 970 854 1000 au-

5 1031 18 1064 s
36 1031 69 1062 ca
91 1022 190 1063 tantem
205 1011 313 1061 ambitio
332 1011 474 1078 splendidi
492 1012 612 1063 mendax
630 967 710 1062 trabit
726 1015 779 1063 suis
795 1015 857 1065 ille·

1 1078 81 1127 bris.
104 1077 180 1126 Heus
198 1087 243 1140 tu,
260 1075 432 1142 monubiles,
449 1078 645 1143 expergiscere,
664 1077 737 1127 etad
747 1091 854 1145 captan-

1 1158 44 1190 ἰη
72 1140 191 1206 fauorem
211 1140 308 1206 uulgi,
331 1139 430 1207 populo
453 1143 487 1191 de
509 1139 646 1208 suffragiis
668 1142 855 1195 distribuendis
955 1150 957 1157 “

7 1217 95 1256 terre
111 1205 229 1270 litiganti
236 1203 348 1269 fruges,
367 1214 396 1254 et
415 1203 487 1254 olera
501 1205 544 1255 lar
560 1209 598 1255 ire
612 1203 719 1270 affatim
738 1208 768 1256 in
783 1207 854 1258 ludis

1 1269 132 1319 'talibus
150 1287 159 1317 ι
178 1271 215 1318 ita
238 1279 333 1318 uttuoe
344 1267 511 1319 liberalitatis
539 1287 600 1320 uma
617 1269 762 1320 celebretur
777 1289 795 1320 a
812 1289 853 1321 se·

7 1336 59 1384 bus
74 1333 138 1382 olim
159 1332 236 1398 longo
251 1336 315 1399 pbst
333 1342 466 1400 tempore,
494 1336 558 1383 dunt
579 1333 617 1383 ad
638 1335 756 1400 apricum
771 1335 855 1386 solem

6 1397 249 1463 nfabulabuntur:
270 1397 336 1464 quid
351 1399 423 1447 enim
443 1398 597 1464 praeciarius
618 1399 669 1447 isui
694 1399 854 1463 largitione.²

6 1462 78 1511 uid.²
97 1478 135 1511 en
154 1471 183 1510 tu
189 1495 200 1521 ,
230 1463 306 1510 boma
332 1464 525 1528 superstitiose,
546 1480 573 1512 es
598 1461 682 1535 liber,
706 1465 772 1529 qui,
794 1465 854 1515 crim

21 1547 58 1566 ιν
69 1527 75 1537 ’
85 1542 135 1575 sue
153 1525 270 1577 Sabbata
286 1527 392 1589 colunt,
414 1537 441 1576 et
458 1526 578 1577 natalem
593 1525 705 1577 Herodis
719 1529 761 1579 sui
771 1531 854 1595 Regis

10 1633 71 1701 ¹75·
90 1631 213 1683 Festucb.
233 1631 300 1680 Cinn
313 1645 402 1679 servus
433 1645 488 1679 non
503 1629 558 1680 sine
568 1629 624 1681 rixa
634 1640 662 1684 et
671 1631 767 1679 mutuis
778 1632 852 1681 colli·

16 1708 102 1749 estete
127 1696 274 1744 donabatur
288 1727 307 1757 ,.
326 1693 403 1742 lictor
434 1693 855 1769 gentiumverberibus.ltap0test

16 1786 30 1804 .·
39 1762 104 1810 toris
118 1759 244 1808 festucam
256 1758 285 1806 in
299 1772 402 1807 servum
425 1757 562 1825 'explicari
583 1771 634 1807 vox
652 1756 717 1820 illa,
739 1760 855 1810 Rixautr'

0 1824 158 1891 *njiciebat3
174 1824 246 1888 cujus
253 1820 334 1870 moris
342 1820 402 1886 quia
432 1821 540 1890 populo.

8 1889 49 1939 tio
67 1886 139 1937 nulla
152 1896 225 1946 erat,
239 1884 343 1952 ineptus
361 1885 401 1933 di·
432 1930 436 1946 ι
469 1885 524 1952 178.
546 1883 675 1934 Floralia.
697 1884 779 1935 Erant
793 1883 854 1938 festi

1 1963 59 2002 tur.
435 1948 509 2012 dies,
526 1949 553 1998 in
564 1948 693 1999 honorem
707 1949 793 2000 Florae
803 1951 854 2000 ins·

13 2014 74 2082 176.
101 2013 156 2064 Pel
173 2031 197 2062 ο.
214 2011 326 2088 Palpus,
345 2012 400 2062 sire
433 2013 512 2063 rituti.
523 2015 556 2063 Ιιι
567 2013 697 2079 ejusmodi
713 2024 799 2064 eutem
813 2015 852 2064 lu·

0 2078 102 2147 lpum,
150 2030 337 2190 ibisilpmficat
347 2076 402 2126 ille·
434 2077 491 2141 dis,
506 2077 638 2131 eanrbdati
654 2077 793 2131 studebant
808 2096 853 2129 ra·

0 2143 114 2203 bras,ii
127 2142 214 2191 sium.
244 2141 401 2209 alpoetieur,
435 2141 480 2191 riis
497 2141 680 2210 largitionibus
696 2141 789 2210 populi
801 2142 854 2193 ouf-

1 2207 121 2276 iponis‚
142 2205 272 2273 significat
287 2205 403 2256 adulato-
433 2206 561 2275 fragiaco
580 2217 644 2255 tere.

0 2289 57 2333 Ιιιι,
72 2281 231 2337 captatorem
248 2272 339 2338 gratiae
356 2285 402 2346 po·
469 2287 524 2338 ¹79·
565 2270 641 2344 priei.
661 2269 715 2333 Qui
725 2269 781 2318 soie
791 2286 854 2338 gau.

5 2334 96 2386 laris:
106 2335 271 2400 quosensusi
280 2336 403 2403 accipter,
436 2334 514 2395 dent,
532 2350 577 2400 qur
588 2333 621 2382 ed
636 2332 719 2382 solem
733 2333 855 2385 sedentes

6 2410 135 2449 versum
149 2398 231 2446 Persii
241 2397 403 2463 explicator
436 2399 561 2466 garriunt.
639 2412 642 2417 ¹
775 2454 779 2459 ⁵

10 2479 28 2513 e
51 2460 96 2528 pal
115 2476 132 2510 ο
156 2463 196 2525 jus
224 2461 304 2509 habet
331 2462 374 2521 sui
397 2494 405 2523 ,
471 2462 525 2510 180.
542 2460 662 2509 Herodis.
680 2459 791 2527 Triplex
805 2460 855 2513 fuit

5 2542 63 2576 ·ern
109 2525 206 2574 iantein
227 2524 304 2574 *ducit
336 2524 403 2574 mbi-
432 2524 576 2586 Herodes,
600 2525 698 2591 primus
719 2525 854 2593 Antipatri

1 2606 38 2652 o,
59 2598 111 2638 etc.
378 2604 382 2610 ·
436 2588 527 2653 filius,
546 2589 605 2638 Rex
622 2588 726 2647 Judaeae
741 2590 824 2637 dictus
839 2607 855 2640 a

17 2671 75 2720 177·
110 2655 225 2703 Cretera.
252 2652 348 2702 Fures
379 2660 405 2700 et
436 2653 587 2715 Romanis,
620 2653 669 2701 sub
692 2668 745 2721 quo
778 2653 855 2702 natus

9 2718 56 2773 eti
74 2716 186 2766 oblitum
204 2733 234 2768 ac
283 2732 331 2784 pso
347 2715 403 2766 rul-
436 2718 554 2767 Christus
563 2716 705 2765 Dominus.
721 2715 795 2766 Alter
804 2716 855 2767 fuit

1 2799 39 2832 ιιι
69 2781 169 2832 habens
192 2799 199 2831 t
223 2797 255 2831 te
286 2779 404 2830 candidis
435 2782 563 2844 Herodes,
572 2780 665 2847 prioris
675 2778 753 2840 iilius,
761 2794 856 2847 cogno·

0 2848 76 2896 iuuu
88 2845 221 2910 vestibus,
232 2844 321 2912 quales
333 2847 402 2897 iere·
435 2845 507 2895 mine
515 2846 651 2909 Antipos,
669 2843 717 2897 sub
725 2858 854 2908 quomor·

6 2921 49 2959 ιιι
60 2908 209 2972 candidati,
225 2909 269 2976 qui
280 2923 335 2957 non
345 2922 406 2956 con·
437 2919 496 2958 tuus
513 2908 639 2957 Christus.
657 2907 764 2955 Tertius
774 2908 856 2961 Hero-

0 2972 51 3024 nti
61 2973 187 3022 nativoet
196 2974 257 3022 elbo
267 2973 334 3022 ianae
342 2986 403 3021 can-
437 2972 485 3022 des
505 2973 529 3023 A
550 2972 642 3083 rippa,
666 2970 811 3031 Aristobuli
826 2972 855 3035 ίί-ι

0 3053 68 3098 re,
84 3034 352 3100 illumadbitbcretb,
362 3052 406 3084 au·
436 3036 503 3100 lius,
543 3046 590 3085 aco
610 3035 620 3083 i
635 3033 757 3102 Apostoli
774 3034 854 3086 inter·

8 3102 94 3150 bant.
437 3100 538 3163 sector,
553 3101 656 3150 vivente
670 3098 760 3149 Persio
769 3099 856 3150 abhuc

1 3153 106 3216 'etiae
132 3161 224 3214 Genus
243 3163 268 3216 le
306 3166 406 3229 minis,
437 3165 573 3234 regnabat.
593 3163 714 3230 Hujusne
728 3179 761 3214 an
777 3164 856 3231 pn'mi

1 3226 240 3297 uodiiittumspar
258 3244 273 3278 e
293 3242 406 3281 anteon-
438 3228 539 3278 mentio
547 3229 581 3277 sit
589 3225 641 3277 hoc
651 3225 727 3292 loco,
738 3243 787 3279 nec
796 3228 855 3279 doc·

5 3244 407 3365 'datiepopulouiligenrhn
438 3292 533 3347 tissiuri
542 3290 710 3348 decernunt..
735 3303 739 3307 ’
797 3324 829 3375 ,ι
