2136 3906
99 249 168 307 nr
202 236 789 313 unnorsusronrrcrs.
832 244 905 324 rs,

24 336 135 395 :adunus
170 344 290 395 ererratis
312 344 405 393 liustra
421 343 499 394 variis
520 341 590 390 orbis
612 352 736 390 terrarum
756 341 891 407 partibus,¹

24 409 130 458 >seculo
159 408 273 475 ¹elphico
282 410 367 473 iussus
384 419 422 457 est
438 408 465 455 in
486 421 518 455 eo
535 404 646 454 Graeeiae
660 405 719 454 loco
733 405 890 465 consistere,

24 471 65 520 rbi
81 472 190 522 obvium
209 471 318 523 haberet
336 473 432 522 bovem
446 505 453 534 ,
473 470 561 537 ibique
574 469 664 518 urbem
678 467 792 517 condere
806 486 821 527 3,
831 469 907 521 Me,

24 537 151 648 ιυηοπιὶιἰ
175 536 236 586 Lib.
257 535 283 586 3.
302 536 470 604 Hegionem,
484 533 630 594 Boeotium
642 532 762 593 urbem,
783 532 892 589 Thebas

24 615 31 657 ,ι
73 616 89 650 e
110 612 172 651 avlt·
244 653 247 658 ¹
351 624 354 635 ‘
498 642 502 653 ,
611 634 614 644 r
653 640 674 647 1<
716 619 719 624 ’
886 630 888 635 ’

33 616 84 711 ppn
102 680 135 713 ea
155 664 242 730 plures
256 663 376 732 regnavit
387 678 492 727 nnnos,
510 661 659 712 domesticis
673 654 761 710 tamen
783 659 890 711 calami-

24 726 117 776 :atibus
131 728 244 795 graviter
257 728 430 785 conflictatus.
446 728 487 779 Ex
503 725 671 798 ejus'quippe
686 725 777 774 liberis
787 725 891 773 Semele

24 790 78 839 :iun
91 792 109 841 J
112 806 189 840 ovem
201 827 209 854 ,
227 809 259 841 ex
271 808 325 858 quo
336 793 465 849 Bacchum
477 790 561 840 edidit
573 823 581 852 ,
600 800 689 838 vntere
705 788 891 838 fulminantem

24 866 186 921 exoptasset,
204 860 323 905 ambusta
342 856 457 909 l'ulmine
469 854 547 922 periit
564 868 571 900 t
592 855 642 901 Ino
658 853 787 902 {urentem
804 852 890 901 virum

24 935 94 966 sunm
106 919 293 969 Athamantem
304 919 425 989 lugiens,
441 920 469 968 in
488 933 559 966 mare
577 933 605 965 se
625 918 786 983 praecipitem
806 916 888 965 dedit.

24 982 205 1048 Metamorpb
219 985 281 1034 Lib.
302 990 327 1048 4.
344 986 367 1034 Α
389 999 455 1043 ave,
472 981 583 1033 Penthei
606 992 707 1039 muter,
731 980 815 1028 filiurn
835 980 889 1029 ‹lis-

24 1046 125 1112 :erpsit
148 1048 328 1115 Metamorpb.
349 1049 410 1098 Lzb.
428 1046 453 1095 3.
477 1045 592 1094 Cadmus
610 1045 666 1109 ipse
684 1043 786 1095 Thebis
801 1043 890 1111 pulsus

24 1108 52 1156 rb
76 1109 244 1176 Amphione,
266 1114 394 1162 concessit
419 1111 453 1160 ad
473 1110 597 1175 Illyrios,
621 1125 680 1156 rum
698 1109 823 1173 conjuge,
843 1107 890 1156 nbi

28 1171 101 1224 aedio
113 1175 292 1241 calamitatum
307 1176 413 1237 allecti,
432 1174 491 1223 Diis
502 1172 701 1235 miserantibus,
717 1171 745 1219 in
755 1184 890 1238 serpentes

24 1235 99 1285 unbo
115 1239 207 1287 mutati
220 1251 288 1288 sunt.
311 1239 490 1304 Metamorpb.
503 1238 563 1286 Lib.
575 1240 600 1299 4,

51 1302 189 1368 Amphion
198 1303 336 1354 Tbebnnae
350 1303 461 1353 civitatis
478 1317 565 1350 muros
578 1299 713 1361 condidit,
729 1300 899 1349 convenirn·=

24 1362 88 1412 :ibus
100 1367 133 1417 nd
144 1367 258 1415 sonitum
271 1367 333 1434 lyrae
345 1369 413 1417 saxis
421 1401 430 1427 ,
439 1377 590 1434 septemque
602 1365 629 1413 in
639 1381 670 1413 ea
675 1374 767 1439 portas
778 1365 891 1430 aperuitr

24 1427 99 1476 Hune
117 1429 267 1480 Alexander
281 1432 389 1492 delevit,
404 1430 509 1480 Pindari
526 1440 614 1480 tamen
630 1427 737 1477 l'amrliae
757 1443 786 1476 uc
802 1429 887 1485 domi-

24 1491 82 1545 2ilio
95 1495 221 1558 percitum
231 1497 275 1544 nni
292 1497 384 1549 voluit.
405 1494 465 1544 Alia
477 1494 525 1543 luit
533 1494 594 1543 urbs
602 1494 719 1556 ejusdem
731 1493 845 1540 nominis
861 1494 889 1540 in

24 1555 165 1668 Allgyptm
184 1570 286 1608 centum
305 1563 380 1609 sortis
391 1571 482 1628 patens
494 1593 500 1619 ,
520 1575 534 1607 a
546 1575 596 1625 qna
611 1558 684 1622 regio
694 1556 779 1605 vicina
789 1572 887 1623 cogno-

24 1635 83 1668 men
120 1621 248 1671 *lreba'idis
264 1578 355 1674 habuit
371 1641 377 1673 ι
397 1623 447 1672 alin
461 1621 615 1681 incilicia,
636 1575 835 1669 Andromaches
846 1634 888 1685 pu·

24 1684 90 1745 tria,
111 1702 189 1750 qnam
205 1686 291 1751 Greci
302 1689 446 1753 Troianum
456 1688 488 1736 ad
500 1680 597 1754 bellurn
608 1683 817 1750 proficiscentes,
830 1698 889 1733 ras·

24 1757 150 1796 severunt.

205 1816 324 1876 „Cum
358 1818 432 1866 XX.
463 1812 685 1865 OEDIPUS.·

24 1899 133 1996 Lusus
143 1982 155 2012 ,Δ
170 1946 324 1997 Thebarum
345 1965 406 2011 rex,
428 1940 646 2012 clim-'audivisset
666 1965 694 1998 se
708 1949 854 2017 'periturum
874 1950 890 1996 ιι

24 2009 93 2069 lilio,
107 2014 221 2063 Jocastae
234 2013 308 2063 uxori
321 2012 458 2080 praeeepit,
472 2024 501 2059 ut
510 2024 599 2062 natum
612 2012 737 2062 infantem
746 2010 888 2087 jugularet.

24 2073 146 2127 Aversatn
164 2073 262 2124 facinus
281 2087 379 2138 nmter,
400 2077 570 2125 occidendum
584 2088 693 2188 puerum
710 2076 820 2126 trarhdit
838 2076 887 2124 mi·
925 2112 930 2120 .

24 2134 61 2185 liti
79 2155 85 2186 ι
102 2138 177 2188 miles
193 2140 292 2206 pueruli
312 2140 452 2208 lacrymis,
465 2152 491 2190 et
501 2140 582 2190 libera
594 2140 694 2191 ilbrrnd
706 2153 811 2203 motus,
827 2156 888 2189 eum

24 2216 53 2249 ex
72 2201 163 2258 arbore
184 2205 328 2270 suspendit
339 2205 467 2272 pedibus,
485 2219 549 2270 ques
568 2205 648 2268 lune,
677 2221 723 2254 sen
741 2205 840 2253 vimine
860 2205 888 2253 in

24 2266 103 2314 calces
120 2266 224 2329 indite,
246 2269 391 2329 traiecerat.
406 2267 565 2335 Suspensum
576 2268 641 2317 vidit
654 2268 777 2338 magister
787 2283 888 2317 armen·

24 2338 104 2376 torum
117 2330 218 2396 Polybii
234 2331 426 2382 Corinthiorum
445 2331 532 2400 regie,
553 2344 579 2381 et
599 2334 717 2400 regines,
736 2331 824 2381 liberis
844 2348 887 2381 ca·

24 2391 105 2464 renti,
125 2392 219 2444 obtulit
241 2412 247 2443 ι
269 2412 327 2462 qnae
348 2412 457 2463 puerum
474 2395 538 2444 aluit
549 2410 597 2462 pro
614 2412 661 2445 suo
671 2431 679 2459 ,
700 2395 887 2463 OEdipnrnqne

24 2452 114 2504 (linita
124 2459 346 2523 pedumnnnore‚
365 2476 429 2527 quos
445 2459 549 2508 indutos
560 2471 585 2508 et
602 2471 731 2510 tumentes
746 2460 884 2509 retinebat.

33 2519 149 2592 ΗΑἶῖῐιιτιι
169 2534 303 2588 provectus
327 2525 455 2591 comperit
471 2540 633 2590 nequaquem
655 2524 702 2573 Pol
722 2523 758 2571 bii
781 2538 809 2572 se
828 2538 886 2573 esse

24 2581 126 2645 bhum3
146 2587 278 2636 orneulum
290 2589 436 2651 consuluit,
455 2588 487 2636 ab
506 2603 589 2654 eoque
605 2588 695 2637 didicit
703 2541 817 2636 luturum
831 2621 838 2649 ,
857 2599 888 2638 nt

24 2657 121 2720 petrem
135 2648 164 2698 in
181 2649 296 2701 Phocide
306 2656 439 2718 reperiret.
455 2651 521 2702 Illuc
540 2651 670 2718 profectus
681 2651 794 2712 Laium,
811 2652 837 2698 in
847 2668 887 2701 se·

24 2710 120 2761 ditione
133 2713 251 2782 populari
266 2716 382 2777 sedandi
397 2716 558 2765 laborantem
567 2744 582 2776 ,·
592 2717 742 2785 imprudens
758 2716 886 2780 peremit,

24 2791 51 2823 nc
61 2776 167 2851 Thebas
183 2778 271 2828 rediit.
282 2781 345 2829 Erat
360 2795 413 2829 non
424 2779 515 2847 procul
531 2777 564 2829 ab
580 2781 645 2830 urbe
662 2779 777 2846 Sphinx,
795 2795 885 2828 mons·

24 2850 89 2888 trum
104 2842 288 2909 mgeuiosum,
308 2843 427 2910 virgineo
448 2844 552 2910 capite,
575 2860 683 2912 corpore
705 2843 817 2904 canino,
839 2843 902 2892 ads*
940 2844 948 2855 '

24 2902 297 2968 narentanorum,
318 2906 429 2974 pedibus
449 2906 534 2957 leonis
555 2920 581 2957 et
602 2907 732 2976 unguibus
746 2906 885 2974 ,insigne

24 2964 237 3019 Pt·aeteteunt1bus
246 2970 353 3037 enigma
365 2971 544 3038 proponebat,
557 2988 670 3039 eosque,
684 2970 735 3020 nisi
754 2968 887 3038 objectum

23 3029 119 3101 nodum
129 3029 275 3094 solverent,
287 3027 436 3085 devorabat.
455 3035 527 3084 Hinc
537 3036 652 3117 regionis
662 3035 766 3091 vastitas
777 3046 804 3083 et
814 3035 886 3086 urbis

24 3087 133 3164 solnlrdo
145 3128 160 3155 ‚1
171 3095 205 3144 ad
223 3113 301 3160 quum
311 3112 390 3151 nemo
400 3109 502 3165 poterat
513 3097 559 3147 ads
578 3116 653 3150 rrsre.
674 3101 761 3149 Creon
769 3098 787 3147 J
789 3109 886 3151 ocastae

24 3154 115 3217 irater,
131 3159 192 3224 qui,
203 3160 271 3210 Laio
283 3173 400 3223 mortuo,
410 3178 521 3232 regnum
531 3117 691 3215 Thebanum
698 3175 886 3228 occupaverat,

24 3222 147 3287 praeconis
160 3239 224 3273 voce
236 3240 282 3290 per
293 3225 445 3279 ⁴uniuersum
465 3224 595 3278 Graeciam
608 3229 690 3278 edixit
705 3227 780 3287 l'ore,
796 3238 826 3275 ut
842 3232 888 3276 re«

24 3300 99 3353 gnum
112 3287 292 3355 etJocastam‚
309 3288 369 3345 Laii
381 3304 506 3355 uxorem,
529 3289 569 3343 illi
586 3293 715 3361 traderet,
730 3290 887 3373 Quumque
