2136 3906
142 210 205 284 440
297 204 589 266 uertuntur
635 204 705 265 or
736 204 868 268 nrrs

205 333 308 390 ,Care
333 335 472 395 XXIII.
506 333 732 385 TROJANI
759 332 952 411 REGES.

143 419 185 503 In
198 462 231 497 ea
238 445 363 515 Phrygiae
381 459 476 514 parte,
490 464 548 514 quae
561 446 723 513 Bosphorum
734 446 894 496 Thracium
907 446 1031 517 respicit,

142 512 253 575 Troiam
272 511 428 572 Dardanus,
454 514 530 562 Jovis
550 523 579 562 'et
597 511 707 561 Electrae
732 509 830 570 filins,
852 511 1031 573 ,condidime

144 575 263 625 'I'huscia
280 576 308 624 l'u
330 576 384 625 'ena
402 577 489 626 occiso
507 577 605 637 tratre,
624 578 728 642 quicum
741 576 770 623 in
784 574 842 630 hac
852 574 955 627 tratiae
967 588 1030 642 parte

144 638 280 706 regnabat.
329 656 401 689 crum
418 640 446 689 in
465 642 572 691 Troade
589 651 650 691 tunc
669 638 823 705 potiebatur
837 640 977 702 Teucer,
999 641 1033 706 qui

60 726 65 738 ·
145 703 299 753 Dardanum
319 719 445 770 generum
468 705 593 767 adscivit,
622 708 734 768 euinque
751 701 799 751 illo
818 704 925 778 Trojae
944 703 1032 752 turica-

146 778 235 816 meuta
251 768 331 832 jecit,
350 768 426 817 annis
441 779 501 817 ante
515 781 602 818 natam
624 769 739 817 Romam
759 764 817 815 ferd
831 762 940 834 ‘septus
962 768 1031 816 entis.

32 856 38 867 ·
69 856 74 865 «
147 831 274 880 Dardano
294 832 419 880 successit
440 833 607 882 Ericthonius
631 830 720 890 lilius,
749 831 925 881 Ericthonio
978 848 1032 893 rus,

147 895 192 960 qui
203 895 313 959 Troiam
324 894 357 944 de
367 897 567 963 suo·appellavit
576 896 697 956 nomine3
720 893 802 942 Trois
816 894 903 944 lilius
922 896 976 945 fuit
987 895 1034 948 Ga:

146 958 293 1024 nymedes,
315 976 329 1009 a
345 961 414 1010 Jove
425 972 522 1027 raptus.
539 963 675 1010 Metamor
692 961 716 1010 lt.
731 959 793 1008 Lib.
808 975 854 1008 ιο.
866 961 948 1008 Item
962 962 1031 1009 Assa·

147 1039 222 1072 racus
231 1057 238 1087 ,
258 1039 290 1072 ex
307 1040 359 1089 quo
378 1024 480 1093 genitus
497 1036 536 1075 est
549 1025 652 1091 Capys,
670 977 793 1073 lnchtsae
805 1034 893 1089 pater
908 1041 916 1071 r
932 1024 1031 1073 demam

148 1088 221 1163 Ilus,
238 1088 283 1155 qui
298 1099 435 1155 paternum
451 1088 560 1157 adeptus
573 1105 700 1159 regnum,
715 1087 829 1151 Trojam
843 1087 940 1136 Ilium
952 1090 1030 1141 vaoari

157 1163 232 1200 ussit.

147 1167 155 1216 l
181 1215 222 1264 Ilo
229 1217 352 1266 successit
360 1216 428 1264 lilius
441 1216 611 1277 Laomedon,
622 1232 698 1283 quem
713 1213 849 1265 Hercules
862 1217 929 1265 vita
944 1233 1028 1285 regno-

149 1296 200 1344 que
228 1296 239 1328 s
260 1281 365 1342 oliavit,
385 1281 497 1329 abducto
517 1282 572 1340 eius
589 1279 661 1339 lilio,
679 1281 864 1345 Metamorplr.
897 1282 971 1330 Lib.
993 1300 1031 1344 11,

150 1344 194 1408 qui
214 1362 228 1392 a
273 1345 368 1410 rojanis
386 1345 553 1411 redemptus,
570 1344 634 1392 inde
650 1343 746 1391 Priami
756 1359 860 1392 nomen
873 1357 1028 1395 consecutus

149 1418 205 1469 est,
225 1407 283 1455 cum
298 1418 374 1455 antea
385 1407 514 1456 Podarces
520 1408 662 1456 diceretur.
673 1407 790 1457 Priamus
800 1408 875 1473 patri
888 1409 1029 1469 sullectns,

149 1470 262 1519 turribus
288 1472 441 1537 arcibusque
462 1471 574 1521 muniuit
597 1472 707 1535 urbem,
723 1488 782 1538 quae
805 1482 874 1521 tunc
904 1472 1027 1541 Pergama

148 1534 309 1583 uocabantur
318 1569 326 1598 ,
336 1535 420 1584 nndei
441 1551 469 1584 sa
480 1537 562 1602 Troia
572 1551 670 1584 nomen
681 1551 784 1602 quoque
795 1552 858 1584 sum
896 1537 932 1586 it.
942 1538 1027 1586 Priami

149 1613 234 1660 uxor,
253 1599 391 1648 Hecuba:
434 1599 463 1649 lii
483 1600 624 1668 praecipni,
641 1601 760 1662 Hector,
777 1596 853 1667 Deip
875 1600 1027 1660 obus,He
1057 1614 1058 1639 ³

148 1659 241 1725 lenus,
254 1676 281 1713 et
295 1664 385 1727 Paris,
405 1665 459 1713 sive
469 1664 635 1726 Alexander,
647 1665 750 1713 funesta
759 1664 856 1730 patriae
868 1664 931 1713 tax.
942 1666 1028 1715 Talem

150 1726 202 1775 sibi
227 1727 282 1778 risa
302 1728 385 1776 luerat
406 1743 496 1793 parere
521 1739 621 1791 mater,
642 1730 696 1794 ejus
715 1743 747 1776 ue
767 1728 878 1777 somnio
901 1731 1028 1796 cognito,

149 1789 268 1840 Priamus
281 1793 369 1842 necari
380 1809 488 1859 puerum
499 1792 706 1852 iusseratcHecu
726 1790 817 1840 aclam
828 1793 909 1841 inter
917 1806 1030 1860 pastores

52 1919 61 1931 ἢ
99 1870 122 1905 .·
149 1854 314 1906 educandum
335 1857 450 1918 curauit,
479 1856 526 1906 ubi
549 1858 607 1906 ciam
624 1857 709 1927 regias
727 1854 802 1904 dotes
825 1858 1027 1915 ostenderetis
1057 1856 1058 1861 ’

150 1919 309 1972 conditionis
318 1920 481 1983 humilitate,
493 1921 623 1987 originem
635 1919 770 1988 probarit,
782 1920 909 1987 ipsisque
928 1922 1026 1989 Superis
1057 1930 1058 1967 t

150 1983 247 2051 dignus
259 1996 298 2034 est
309 1986 398 2045 visus,
422 1986 466 2051 qni
477 1997 560 2037 ortam
574 1986 642 2034 inter
654 1986 787 2037 Junonem
800 2018 807 2047 ,
827 1982 980 2034 Palladem
991 2023 998 2045 ‚
1009 1997 1030 2034 et

150 2049 302 2109 Venerem,
321 2047 525 2098 controversiam
546 2044 687 2098 dirimeret.
709 2049 858 2096 Intererant
876 2051 968 2123 epulo
992 2066 1028 2121 gc·

150 2111 230 2175 niali,
242 2112 301 2162 cim
312 2113 407 2171 Thetis
420 2112 500 2162 Peleo
510 2112 629 2162 nuberet.
642 2111 782 2163 Discordia
792 2112 821 2160 in
831 2111 962 2162 medium
972 2115 1028 2181 jecit

151 2175 231 2234 fatale
254 2193 383 2244 pomum,
405 2192 463 2228 cum
484 2176 542 2227 ltac'
554 2174 742 2246 iuscriptioue,
760 2174 854 2245 Detui
862 2177 1027 2243 pulchriori

151 2240 225 2292 Paris
240 2243 339 2293 arbiter
359 2241 431 2292 durae
443 2243 496 2292 litis
508 2254 642 2309 sumptus,
660 2258 717 2291 eam
730 2241 831 2292 Veneri
846 2241 1029 2308 adjudicavit,

153 2306 257 2370 atribi,
277 2306 556 2373 suisque'Junonis-ac
573 2307 703 2355 Minervae
720 2303 845 2355 conflavit.
857 2304 937 2354 odia.

184 2371 295 2422 Interim
310 2371 430 2423 Priamus
444 2382 576 2421 certamen
598 2369 725 2419 ludicrum
744 2368 879 2419 nobilitati
900 2370 1031 2436 Troiana

152 2435 300 2502 proposuit.
317 2434 412 2484 Adfuit
433 2436 504 2485 Paris
522 2436 607 2484 adhuc
626 2434 791 2500 incognitus,
810 2443 838 2481 et
850 2435 971 2498 ceteris,
995 2435 1034 2501 qui

153 2500 287 2568 congressi
296 2497 408 2560 fuerant,
418 2499 506 2559 victis,
515 2501 600 2565 ipsum
610 2499 753 2548 Hectorem
763 2497 910 2567 superavit.
921 2498 1035 2561 Hector,

154 2562 216 2612 clun
228 2563 345 2632 pugilem
355 2563 475 2629 ignotum
493 2561 562 2612 ferro
577 2570 791 2629 persequeretur,
813 2571 841 2610 ut
850 2560 1034 2627 ignominiam

126 2656 131 2669 ι
154 2630 210 2693 ejus
225 2628 352 2695 sanguine
371 2626 484 2689 elueret,
504 2627 612 2693 agnovit
633 2625 757 2687 liatrem,
783 2626 939 2695 conspectis
951 2627 1034 2677 ‘certis
1057 2630 1058 2659 l

105 2713 111 2727 v
155 2693 205 2742 insi
225 2693 303 2743 nibus
312 2703 339 2741 et
349 2692 460 2760 gemmis
467 2725 476 2751 ,
488 2698 552 2757 quas
564 2689 675 2739 Hecuba
685 2689 801 2755 pastori,
812 2689 869 2755 ejus
879 2682 1035 2753 educatori,
1057 2736 1058 2759 ,

154 2709 308 2806 rracllaerat.
326 2756 460 2813 Priamus,
481 2754 594 2804 fatomm
612 2754 768 2815 immemor,
783 2752 868 2802 lilium
883 2750 970 2804 laetns
987 2772 1034 2806 am-

122 2856 124 2862 2
154 2819 277 2887 plectitur
287 2855 296 2885 ,
318 2832 344 2872 et
355 2821 383 2870 in
394 2819 476 2888 regiae
486 2829 587 2887 partem
602 2816 705 2886 accipit.

187 2916 412 3015 cinximus.
447 2906 1008 2993 rnorturnecur'csust.

157 3030 239 3115 Cura
258 3059 387 3110 Hercules
397 3059 505 3125 Troiam
522 3067 654 3120 vastaret,
675 3054 822 3104 Hesionen
839 3055 1037 3110 Laomedontis

158 3123 259 3185 tiliam,
274 3122 432 3184 Telamoni,
453 3122 552 3175 Graeco·
567 3121 651 3185 duci,
668 3120 808 3187 conjugem
825 3117 949 3171 dederat.
971 3126 1035 3174 Me-

83 3203 85 3209 ·
158 3188 286 3254 mmarplr.
298 3188 361 3243 Lib„
380 3204 418 3249 rus.
431 3187 521 3248 Paris,-
531 3185 637 3253 amitam
652 3200 724 3234 suam
734 3183 889 3253 repetiturus
900 3186 1035 3247 ,classem

159 3250 299 3316 instruxit,
310 3250 416 3307 Priamo,
429 3266 483 3323 non
495 3251 578 3305 inrito
587 3284 604 3322 ,p
614 3249 659 3319 qui
673 3247 766 3326 opibus
777 3258 803 3298 et
812 3245 898 3315 gloria
911 3251 1012 3317 pollen
1029 3286 1037 3318 ,

202 3372 294 3401 l't
