2210 3914
168 237 210 300 36
391 237 432 298 D.
453 237 823 302 tanvnnltls

168 336 263 398 Urbis
275 387 283 412 ‚
298 351 330 398 et
341 337 482 420 Augusto
493 340 658 399 recitantes
670 361 777 400 mense
790 342 921 421 poetas?

98 437 137 480 10
172 418 234 481 Sed
247 420 324 478 dum
346 434 412 478 tota
424 420 538 478 domus
549 418 646 479 rliedtl
661 421 938 500 componiturunl

156 497 312 565 ‘Substitit
323 501 363 556 ad
374 515 494 559 veteres
505 520 595 558 arcns
605 547 617 577 ,
632 500 854 583 madidamque
863 503 1050 581 Capenam,

169 582 230 638 Hic
245 579 298 639 ubi
309 594 473 639 nocturnae
486 581 593 638 Numa
603 580 814 640 constituebat
824 582 951 642 amicae:
989 628 993 637 .

168 661 265 718 Nunc
277 662 356 718 sacri
365 659 462 719 fontis
474 679 605 733 nemus,
619 675 651 719 et
665 659 795 718 delubra
803 662 951 720 locantur
1005 708 1009 717 .

168 741 285 798 lndaeis
292 787 303 815 ,
315 762 453 821 quornm
466 738 641 818 cophinus,
655 736 842 821 ffinuniqne
851 739 1004 820 supellex.

99 830 139 891 15
170 819 280 878 Omnis
294 825 380 880 enim
393 819 513 899 populo
525 838 613 879 merc
633 820 706 878 dem
722 824 863 898 pendere
877 824 960 895 jussa
969 834 1018 880 est

168 898 289 972 Arbor,
303 916 335 960 et
347 904 451 977 eiectis
465 900 626 959 mendicat
637 900 721 979 sylva
733 900 900 963 Camoenis.

170 981 210 1040 ln
222 979 335 1039 vallem
345 982 488 1061 AEgerioe
499 979 735 1045 descendimus,
751 995 783 1038 et
791 978 954 1058 speluncas

169 1059 340 1122 Dissimiles
354 1065 443 1122 veris.
458 1060 587 1140 Quanto
601 1060 796 1141 prestantius
818 1073 899 1119 esset

168 1253 199 1294 et
214 1245 395 1310 miseriarum,
413 1244 555 1310 inquibus
568 1243 630 1310 jure
646 1258 768 1294 numeres
793 1243 910 1293 molestas
926 1246 1025 1310 poetas
1034 1280 1047 1306 ,

105 1342 108 1353 ·
168 1310 268 1359 Sextili
297 1326 386 1359 mense
405 1325 454 1357 sua
479 1310 598 1359 carmina
616 1341 626 1367 ‚
651 1311 798 1358 conuocatis
818 1309 909 1359 amicis
925 1340 935 1369 ,
952 1311 1048 1365 odiose

168 1374 318 1429 recitantes.
340 1375 451 1422 Interim
466 1382 556 1421 autem
569 1373 634 1420 alum
653 1375 739 1423 omnis
755 1373 896 1422 domestica
919 1372 1051 1424 Umbritit'

166 1437 292 1503 supellex
310 1439 407 1486 Caum
421 1437 593 1501 demigrantls
605 1438 634 1485 in
644 1454 722 1486 curru
736 1440 897 1502 congeritur,
905 1437 1047 1504 paulisper

167 1502 224 1566 ipse
236 1500 356 1550 rhedam
369 1511 527 1567 exspectans
549 1502 644 1551 restitit
652 1518 701 1567 pro
719 1518 822 1550 earcus
833 1502 1005 1568 triumphales
1023 1520 1045 1554 a

166 1564 299 1615 veteribus
316 1576 413 1616 erectos
424 1567 454 1614 in
469 1564 592 1615 honorem
608 1567 686 1615 trium
697 1519 863 1619 gemmarum
871 1599 881 1625 ,
897 1583 930 1616 ac
955 1577 1046 1617 ortam

165 1644 230 1697 puae
242 1630 360 1696 Capuam
370 1631 458 1685 ducit,
471 1632 548 1697 aquis
556 1664 563 1683 ,
572 1629 604 1678 ob
616 1630 766 1696 impositum
775 1632 827 1696 ipsi
833 1644 913 1697 aquas
940 1641 1045 1691 actum,

165 1694 321 1744 madentem
331 1710 434 1761 semper
449 1704 477 1743 et
489 1694 636 1744 stillantem
646 1713 655 1744 .-
667 1712 720 1744 non
734 1696 827 1760 praeut
840 1696 874 1743 ab
894 1712 925 1745 ea
942 1694 998 1744 loco
1010 1697 1045 1746 in

165 1773 246 1824 quem
262 1762 351 1810 Numa
366 1759 505 1812 constituto
517 1770 630 1826 tempore
645 1759 817 1808 conueniebat
829 1769 922 1817 noctu,
936 1759 975 1809 ad
990 1777 1047 1809 au·

164 1823 295 1873 «tiendum
315 1824 458 1890 AEgeriam
473 1825 586 1873 Deam.-
602 1840 674 1873 nuna
691 1822 763 1872 illud
777 1839 871 1872 tremus
889 1840 949 1872 cum
961 1822 1047 1887 fonte

163 1901 239 1936 sacra
255 1906 287 1938 ac
307 1888 416 1939 delubra
435 1887 537 1938 locatur
552 1887 763 1939 mendicantibus
789 1888 912 1949 Jadoeis,
929 1903 1045 1953 quorum

108 1972 110 1975 ·
164 1961 269 2015 egestas
289 1962 365 2000 tanta
377 1963 431 2011 est,
446 1964 491 2012 ut,
503 1954 571 2002 nillil
579 1950 640 2015 scere
651 1951 728 2001 aliud
735 1952 907 2017 supellectilis
921 1952 1047 2006 habeant

163 2017 246 2080 quem
254 2016 354 2065 corbem
356 2014 433 2079 faeno
440 2015 569 2079 refertam.
588 2017 690 2066 Tamen
696 2032 742 2082 pre
748 2017 823 2083 qylua
833 2019 883 2065 ista
893 2016 1045 2068 obtinenda

159 2079 315 2145 persolvunt
317 2079 417 2145 popule
423 2082 545 2129 Romano
558 2083 672 2146 pretium
682 2093 779 2130 certum
786 2113 795 2139 ,
807 2081 837 2129 in
852 2079 973 2145 singulas
978 2082 1044 2143 ferd

161 2142 287 2202 arbores‚·
307 2145 392 2209 etqui
405 2143 479 2195 lucus
492 2153 573 2195 antea
588 2162 664 2194 sacer
678 2147 768 2195 Musis
777 2155 834 2194 erat
844 2180 852 2204 ‚
863 2161 896 2194 ac
908 2146 937 2194 in
947 2161 1042 2197 aarum

113 2206 119 2213 ⁸
161 2205 287 2256 honorem
298 2206 538 2273 frequentabatur,
557 2224 629 2258 nunc
653 2210 687 2257 iis
706 2210 782 2258 velut
800 2210 889 2269 eiectis
900 2241 910 2267 ,
926 2209 1043 2262 Judoeos

161 2269 200 2320 ibt
210 2272 302 2339 stiprem
321 2283 484 2341 corrogantes
494 2290 510 2321 a
517 2273 755 2339 praetereuntibus,
768 2273 889 2322 dominor
898 2284 925 2323 et
934 2274 1042 2326 incolas

160 2333 251 2384 habet.
260 2338 317 2402 Ego
326 2337 406 2402 igitur
418 2347 529 2403 etquem
541 2337 722 2399 deducebam,
743 2336 886 2387 Umbritins
896 2338 925 2385 in
934 2336 1042 2390 vallem

223 2400 286 2450 erite
298 2418 401 2450 sacram
412 2401 581 2459 devenimus,
595 2411 623 2452 et
640 2416 765 2451 cavernas
775 2419 791 2449 n
810 2402 906 2450 natiuis
921 2412 949 2450 et
966 2405 1042 2453 veris

161 2479 188 2514 m
220 2465 274 2517 ttlm
282 2466 458 2528 abhorrentes,
467 2465 806 2535 iisquemultldeterricres.
814 2465 922 2530 Quanti
925 2465 1041 2531 facilius
1094 2524 1095 2531 χ

191 2647 217 2700 9.
229 2633 391 2682 Recitantes.
405 2630 467 2681 Hoc
479 2626 578 2681 ir‘omce
610 2630 658 2680 dus
672 2639 831 2680 numeratur.
850 2628 996 2687 simulabat
1006 2645 1039 2685 se

160 2707 191 2745 tc
203 2695 306 2764 lepide,
317 2707 450 2762 tamqnam
460 2696 579 2745 omnium
610 2694 754 2744 identidem
767 2693 880 2760 colloqui
888 2694 1039 2772 cumAEge·

158 2759 387 2811 incommodorum
418 2759 579 2824 cumulum,
610 2758 649 2807 ria
673 2758 760 2820 Dea,
794 2759 901 2823 ejsuque
926 2761 1038 2812 monitis

159 2821 253 2873 ultimo
271 2825 334 2873 loco
353 2823 447 2891 posuit.
610 2822 1037 2891 rempadrninistrareacreligio·

194 2902 233 2935 tt.
253 2890 352 2939 Arcus.
366 2888 407 2936 'In
426 2886 579 2938 memoriam
611 2902 673 2936 nean
687 2897 715 2936 et
725 2902 799 2935 secra
818 2885 968 2947 instituere,
979 2887 1035 2954 qui

58 2976 73 2983 ·
158 2947 282 3001 rictoriae'
311 2951 431 3001 solebant
462 2949 579 3003 Romani
630 2948 851 3000 lassauctoritatis
866 2950 934 3024 apud
947 2967 1037 3017 popu·

159 3012 429 3081 aedificarelapideum
438 3031 526 3066 arcum
533 3030 579 3063 sen
611 2967 665 3065 iiim
682 3013 833 3064 conciliaret
855 3013 1034 3083 susslegibns.

158 3075 296 3127 fornicem.
310 3079 351 3129 Ite
361 3091 488 3131 vocantur
498 3080 578 3129 etiam
609 3077 792 3129 ttemttuma
812 3076 898 3127 lucum
910 3089 937 3127 et
946 3079 1034 3133 aedera

159 3140 344 3207 aquaeductus.
611 3154 696 3209 portae
712 3141 828 3216 Capenae
837 3142 951 3195 ricinum
961 3141 1039 3195 dedi-

170 3221 233 3277 Φιο.
243 3205 343 3255 Numa.
357 3205 449 3256 Numa
469 3209 577 3276 Pompi·
610 3204 679 3259 carit
692 3204 788 3257 Musis.
1022 3238 1026 3244 ·

159 3265 209 3323 un
227 3266 409 3323 aomanorum
422 3286 468 3323 rex
485 3285 580 3339 secnnq
