2222 3908
285 200 493 278 tlt-llll
523 212 719 279 SEXTA.
882 204 942 303 1οᾷ

62 316 95 380 si
110 316 165 378 tihi
178 313 328 400 legitimis
340 330 465 397 pactam
472 363 485 393 ,
498 318 705 401 junctamque
720 313 840 379 tabellis
921 322 925 333 '

62 399 94 458 N
96 408 144 458 on‘
157 418 190 460 es
207 412 372 457 amaturus
384 419 392 469 ;
406 397 545 458 ducendi
558 398 644 457 nulla
658 398 783 459 videtur
840 414 845 421 ’

64 479 179 548 Causa,
191 499 255 539 nec
268 491 316 537 est
326 496 425 559 quare
437 497 560 537 coenam
573 493 605 538 et
620 494 780 538 mustacea
791 475 915 560 perdat.

63 558 94 620 si
107 558 163 617 tibi
178 556 360 637 simplicitas
376 559 500 627 uxoria,
512 558 638 618 deditus
652 560 709 618 uni
955 559 1014 642 145

63 638 119 698 Est
133 639 278 696 animus:
295 635 444 697 submitte
461 653 574 718 caput,
593 640 716 700 cervice
728 634 836 719 paratl

63 717 162 777 Ferre
172 720 286 798 jugum
298 738 305 775 ε
319 715 436 775 nullam
447 718 599 788 invenies,
612 739 684 800 quae
694 734 803 801 parcat
812 719 940 780 anianti.

64 797 187 856 Ardent
198 799 267 876 ipsa
279 796 370 859 licet.
383 799 549 857 tormentis
563 799 680 881 gaudet
692 802 840 875 amantis,

65 878 105 935 Et
117 876 236 957 spoliis.
249 876 351 954 Igitur
363 874 455 955 longi
470 878 573 939 minus
589 879 670 937 utilis
685 878 729 938 illi

65 956 177 1032 Uxor,
188 956 330 1037 quisquis
342 955 529 1024 micheam,
542 956 762 1041 optandusque
774 961 912 1021 maritus.
930 1014 933 1023 A
952 937 1011 1001 ¹5⁰

65 1036 120 1095 Nil
130 1056 287 1117 umquam
298 1035 395 1095 inviti
407 1034 536 1103 donabis
549 1031 684 1120 coniuge
696 1059 704 1097 ε
717 1040 833 1100 vendes

68 1115 139 1176 Hac
150 1114 298 1179 obstante
314 1113 392 1173 nihil
406 1137 414 1183 ;
428 1116 525 1191 nihil,
538 1116 607 1175 haec
619 1118 644 1175 si
657 1115 752 1188 nolit,
767 1112 899 1179 emetur.
921 1110 925 1121 ’

68 1194 246 1256 Haecdabit
260 1193 417 1265 affectus·;
433 1188 487 1255 ille
500 1194 689 1256 excludetur
700 1198 819 1260 amicus

66 1277 139 1333 lam
151 1275 279 1348 senior,
293 1278 383 1349 cujus
398 1273 528 1334 barbam
543 1289 596 1335 tua
607 1276 702 1353 janua
715 1278 800 1338 vidit.

66 1350 226 1415 testandi
238 1354 309 1413 ciam
323 1356 363 1413 sit
374 1354 559 1426 lenonibus,
574 1371 669 1438 atque
684 1356 801 1437 lanistis
953 1335 1014 1402 ¹55

67 1433 232 1509 Libertas,
246 1447 278 1494 et
288 1435 368 1511 juris
378 1434 464 1494 idem
476 1437 639 1519 contingat
651 1456 767 1514 arenae,

70 1597 237 1647 matrimonio
256 1612 311 1646 nan
335 1596 459 1659 amabis,
486 1594 518 1646 ob
543 1599 601 1665 ejus
624 1602 690 1650 vitia
711 1618 723 1660 ;
751 1617 807 1651 nan
833 1612 874 1653 est
897 1617 947 1652 mar

71 1676 127 1711 eam
143 1663 245 1719 ducas,
257 1671 285 1712 et
292 1669 426 1731 sumptum
437 1661 466 1710 in
476 1675 579 1713 caenam
591 1665 736 1731 nuptialem
744 1665 843 1731 fizcias.
864 1666 947 1730 Quod

70 1728 96 1775 si
113 1726 289 1776 nihilominus
307 1741 368 1776 eam
383 1726 510 1786 aninam
529 1728 554 1775 si
576 1727 624 1777 tibi
647 1739 687 1780 est
708 1745 741 1779 aa
759 1728 897 1805 facilitas,
916 1737 947 1781 ut

73 1788 114 1840 ita·
133 1791 243 1857 absequi
258 1788 329 1841 velis
345 1792 375 1839 in
397 1791 536 1854 omnibus,
557 1801 635 1858 teque
658 1802 740 1843 totum
760 1793 804 1843 alli
823 1792 947 1855 dederef

73 1857 180 1904 omnine
199 1870 307 1905 necesse
326 1855 377 1905 erit
389 1856 427 1904 'ut
445 1854 544 1905 collum
560 1855 625 1931 juga
643 1855 757 1917 subdas,
777 1866 805 1906 et
820 1856 858 1907 ad
873 1855 945 1906 indi·

70 1935 152 1985 gnam
172 1919 324 1969 servitutem
342 1918 485 1984 fhrendam
503 1929 529 1969 te
548 1936 681 1987 accingas.
700 1920 816 1971 Nullam
834 1922 945 1988 reperies

72 1998 134 2060 quae
145 1984 233 2034 virum
242 1984 295 2034 sili
307 1983 443 2034 addictum
455 1983 524 2034 nolit
532 2000 635 2050 regere,
645 1999 707 2052 qasoe
717 1985 760 2035 illi
769 1986 878 2053 superbe
891 2002 947 2036 non

72 2049 212 2116 imperitet·
233 2047 429 2114 Quamvisipsa
441 2049 528 2098 virum
542 2058 615 2098 amet
625 2051 754 2117 impense,
785 2052 944 2101 estieteum·

72 2113 133 2162 dem
145 2123 236 2163 tamen
247 2113 363 2162 cmctare
372 2130 405 2163 ac
414 2111 544 2181 apuliam>
557 2113 684 2178 Quocirca
698 2119 728 2166 ed
737 2134 757 2183 p
769 2133 800 2165 us
813 2116 847 2166 ab
862 2131 947 2167 umore

74 2178 226 2228 detrimenti
259 2179 352 2244 itiaque
360 2180 403 2227 uir
413 2179 501 2244 capit,
516 2194 568 2244 quo
577 2196 606 2228 se
618 2180 661 2228 illi
671 2181 803 2230 meliorem
814 2191 842 2230 et
850 2195 946 2229 antan-

73 2243 164 2292 tiarem
184 2194 295 2309 praeiet
317 2242 398 2293 Mau
421 2243 546 2309 cuiquam
569 2243 711 2309 largieris,
735 2244 805 2295 nilsil
826 2247 947 2305 vendes,

75 2308 145 2356 mail
154 2322 241 2369 emes,
258 2309 292 2356 ed
305 2307 389 2357 invitd
404 2316 432 2357 et
447 2307 602 2359 reluctante.
616 2308 684 2357 Hoec
695 2325 755 2358 suas
767 2308 815 2358 tibi
829 2324 946 2369 amores,

74 2371 135 2420 adia
144 2404 154 2431 ‚
164 2381 318 2438 cetemsque
330 2372 416 2421 animi
423 2372 636 2437 perturbaturum
648 2370 754 2439 afflabit
765 2389 799 2423 ac
812 2374 946 2423 transmit·

73 2444 135 2485 tet:
155 2436 272 2486 amicum
291 2437 330 2485 al'
344 2437 409 2487 'uem
426 2434 485 2500 jam
502 2438 583 2485 annis
600 2446 748 2502 provectum
763 2437 853 2505 ejicies
869 2436 947 2487 domo

75 2502 137 2559 tua,
159 2500 210 2550 etsi
227 2500 298 2550 hanc
315 2451 363 2551 ille
380 2518 397 2551 a
412 2500 500 2567 prima
521 2500 658 2565 juventute
673 2519 722 2551 sua
738 2501 952 2569 frequentaverit

75 2575 103 2613 et
112 2565 233 2614 caluerit.
251 2563 341 2629 Quam
357 2566 483 2628 lenones,
499 2563 623 2630 lanistoe,
641 2576 669 2616 ct
681 2567 844 2632 gladiatores
857 2562 949 2630 facule

76 2636 158 2678 tatem
175 2629 277 2678 labent
292 2630 426 2680 condendi
446 2631 619 2691 testamenti,
641 2640 669 2680 ct
686 2648 746 2681 suos
769 2632 822 2681 sibi
840 2627 951 2678 heredes

76 2690 201 2756 legendi,
216 2694 275 2743 haec
292 2694 340 2743 tibi
355 2695 480 2761 enpietur
488 2711 499 2753 ,·
516 2698 615 2759 cogeris
631 2708 676 2743 eas
693 2695 803 2746 heredes
820 2695 851 2742 in'
869 2700 949 2740 testa·
979 2730 984 2733 ,

76 2767 167 2807 mento
184 2767 229 2806 tuo
246 2758 378 2823 scribere,
395 2775 461 2827 quas
481 2775 550 2808 uxor
566 2758 613 2809 tibi
629 2759 755 2823 dictabit,
777 2769 840 2825 quae
858 2753 953 2808 rivales

111 2924 166 2987 ¹4²·
192 2922 321 2974 Tabellis.
344 2923 452 2993 Scn'ptis
471 2916 498 2975 et
563 2926 766 2981 155sLanz'stit.
787 2924 872 2979 Satira
891 2926 950 2994 ΙΙΙ,

74 2986 268 3050 instrumentis,
281 2988 375 3065 quibus
384 2989 512 3041 contine·-
529 3003 593 3057 nota
608 2993 739 3043 Lanista’.
835 2993 837 2999 ’

78 3061 119 3100 tua
135 3051 298 3102 matrimonia
312 3064 467 3108 contractus.
551 3054 619 3115 256.
647 3056 762 3109 adrenoe.
790 3053 952 3109 Gladiatori-

111 3120 165 3180 ¹44·
189 3117 345 3165 Mustacca.
366 3114 499 3168 Placemus
530 3120 587 3169 bas.
611 3116 696 3168 Satira
715 3120 764 3185 11,
794 3132 858 3172 notu
884 3137 951 3185 101,

76 3179 498 3247 etquaedamlibamustacoudita.
530 3194 595 3233 nota
606 3182 729 3235 Arenam
740 3202 748 3250 ς
763 3195 790 3238 et
801 3184 885 3240 Satira
894 3187 937 3237 ΙΙΙ
942 3218 953 3253 ,

109 3244 499 3315 147.Jugmn.8uprl,nota38.
532 3257 595 3298 nota
612 3248 728 3303 Arena.
