2136 3906
126 206 191 266 Er
216 175 470 273 nunciatis
500 199 748 267 poariam.
808 200 870 279 425

25 304 175 371 aomlfhld.
185 308 208 370 4
220 288 315 355 Asstste
325 303 472 371 provectior
478 302 626 370 peragravit
631 303 722 352 orbem
729 312 868 365 terrarum,
935 342 940 359 ,

24 380 92 435 teque
112 367 184 418 ludia
208 369 386 436 triumphavit.
408 367 542 416 invenisse
560 366 650 417 viuum
672 360 767 429 fertur,
792 363 869 431 eique

24 447 87 507 aper
109 431 306 494 immolabatur,
324 431 385 507 quie
400 431 491 480 vitium
511 446 628 499 gemmas
643 429 757 480 arrodit·
767 427 869 479 Primus

23 506 88 544 »narn
99 495 268 546 eramobovea
276 495 442 560 ‚sublunxisse
451 505 624 544 memoratio:
635 494 755 560 quamoh
762 507 868 541 causam

23 560 65 622 ius
80 559 155 625 capiti
171 559 329 634 aliinguntnr
346 574 461 620 comua,
503 573 544 608 uas
559 557 643 630 parite
658 557 774 606 indicant
789 555 869 605 robur

22 633 37 670 tt
49 623 179 672 audaciam
189 622 298 673 ebriosis
307 622 472 673 familiarem.
514 636 573 672 acra
589 620 629 669 illi
639 634 742 688 quoque
752 620 850 669 hedera
861 651 869 683 ,

21 686 132 751 jttiasini
145 684 230 735 fumos
244 687 331 736 nativo
343 685 440 756 frigore.
457 686 584 735 discutere
596 685 719 734 creditus·
738 684 778 733 Et
795 682 870 733 invo-

21 760 91 799 utum
105 761 131 799 et
164 751 275 824 ampinis
285 749 396 815 jaculum
408 750 546 826 gestabat,
563 762 640 816 quem
657 748 775 814 thyrsum
792 762 870 796 roca·

21 826 79 862 taut.
94 814 133 862 Eo
152 830 194 863 em
211 825 342 873 instructae
361 813 487 875 i'eminae,
507 813 603 879 sparsis
618 812 705 877 camis*
721 811 870 875 ululantes,

20 892 79 931 acra
88 878 180 926 Bacchi
191 877 371 926 celebrabant:
384 876 530 927 Trieterica
538 875 591 926 illis
600 890 713 938 nomen,
723 874 784 943 quia
793 875 872 924 tertio

25 955 60 989 uo
80 957 112 990 ne
130 957 198 990 anno
210 940 396 1000 recrurebent3
413 952 441 989 et
453 939 549 1006 Orgia,
563 940 598 989 oh
610 937 740 1002 tutorem,
751 953 803 1005 quo
812 937 872 989 istae

19 957 74 1052 lac·
93 1015 180 1067 antes,
198 1004 336 1071 pellibusti
356 1004 441 1052 ridum
451 1016 480 1054 et
487 1004 670 1069 pantherarum
681 1003 779 1052 indutae
792 1017 872 1064 ,non

18 1084 147 1134 nimquam
158 1079 264 1118 armatae
282 1021 398 1128 fracidus,
416 1084 462 1135 per
478 1066 562 1117 invios
578 1077 681 1116 montes
692 1065 872 1135 vagabantur,

18 1132 150 1185 ›raesertim
166 1132 194 1181 in
208 1125 331 1181 Thracia.
349 1131 529 1196 Metamorph.
553 1129 614 1179 Lib.
633 1133 649 1193 4
667 1141 695 1181 et
712 1146 752 1180 ιι.
775 1128 874 1179 Praeter

17 1194 76 1244 llius
94 1195 217 1253 noma,
234 1211 294 1263 quoe
313 1196 496 1264 exposuimus3
508 1194 687 1261 Metamorplt.
705 1194 765 1244 Lib.
777 1197 808 1257 4,
825 1208 871 1243 vo·

17 1270 79 1308 *atur
86 1260 163 1310 etiam
172 1260 333 1328 Dionysius,
346 1261 400 1311 sive
408 1259 543 1328 Dionysus
552 1296 560 1323 ,
570 1257 585 1309 d
594 1259 613 1310 J
615 1273 679 1321 ove,
691 1255 773 1325 ipsius
781 1267 873 1371 patre,

16 1334 30 1371 t
40 1323 76 1373 ab
86 1323 149 1374 urbe
158 1324 250 1390 Nysa,
264 1325 310 1374 ubi
320 1326 440 1394 regnarit
452 1341 458 1373 ε
470 1325 529 1387 vel,
546 1343 560 1375 a
576 1324 682 1391 Nysaeis
699 1340 781 1390 nyrnp
790 1322 838 1383 rit,
857 1339 874 1373 a

15 1388 101 1452 [uibus
111 1388 233 1438 educatus
242 1400 291 1439 est.
310 1390 388 1464 Apud
402 1390 511 1440 Latinos
521 1389 602 1466 vulgo
620 1388 700 1439 Liber
718 1386 873 1450 dicebatur,

15 1452 69 1516 prtia
82 1452 155 1501 ebrio
171 1453 278 1503 liberius
288 1454 372 1516 nilul,
392 1452 459 1503 nihil
468 1453 502 1502 ab
515 1468 588 1503 omn1
599 1468 660 1502 cure
671 1451 789 1501 solutius.
802 1449 874 1501 Huic

14 1514 108 1564 nomini
121 1518 261 1583 respondet
277 1516 400 1567 (haecum
417 1519 523 1591 Lyaeus.
548 1517 620 1566 Hine
633 1518 690 1581 ejus
709 1515 774 1564 leste
795 1529 875 1564 voca·

14 1590 103 1628 tantur
120 1581 188 1648 apud
206 1580 315 1631 Graecos
333 1580 479 1644 Dionysia3
499 1580 568 1646 apud
588 1578 697 1628 Latinos
711 1578 775 1628 γετὸ
794 1578 876 1627 Libe·

15 1642 90 1703 alia,
107 1644 161 1694 aire
175 1642 355 1696 Bacchanalia.
374 1641 519 1692 Peculiaria
537 1644 657 1709 quaedam
679 1640 876 1695 celebrabantur

13 1722 30 1754 n
47 1706 146 1759 Atticas
164 1706 254 1774 pagis,
277 1705 384 1755 Ascolia
399 1716 564 1772 nuncrtpata,
580 1719 668 1755 saoce
683 1702 796 1769 Graeca,
814 1719 874 1771 quae
948 1718 951 1722 ·

12 1780 92 1819 utrem
111 1767 249 1835 significat.
260 1768 415 1819 statuebant.
425 1769 458 1818 ita
478 1785 512 1818 ue
521 1779 591 1818 oties
602 1768 726 1819 Hucinos
740 1768 767 1817 in
778 1779 854 1835 prato
865 1801 875 1835 ,

12 1831 127 1894 nflatos,
143 1843 169 1882 et
183 1832 244 1883 oleo
261 1834 391 1885 inunctos.
408 1785 545 1885 Salthua-nr
564 1848 612 1901 per
631 1832 681 1882 hos
693 1831 780 1882 nimici
797 1831 875 1883 unico

11 1895 107 1949 sntiun
122 1897 208 1962 pede,
226 1913 288 1947 nam
305 1897 415 1948 alterum
435 1909 569 1960 erectum,
587 1908 615 1948 et
631 1896 658 1946 in
674 1895 735 1946 aiire
751 1894 876 1947 libratum

11 1959 150 2009 trabebant.
168 1961 221 2025 Qui
237 1961 367 2012 cadebant
382 1964 474 2030 (quod
485 1962 593 2030 proprio
607 1959 736 2013 vocabulo
750 1975 876 2013 cemuate

11 2023 105 2071 lictum
116 2035 155 2072 est
165 2041 181 2074 a
191 2025 336 2090 Romanis,
356 2028 448 2079 eadem
465 2026 576 2076 subinde
592 2025 658 2077 lesia
676 2024 807 2089 imitatis)
822 2025 876 2076 risu

11 2087 116 2156 ,grestis
130 2103 252 2151 coronae,
269 2100 296 2139 et
309 2089 442 2140 cachinnis
459 2088 663 2158 excipiebantur.
692 2088 809 2139 Consule
822 2090 877 2140 La·

12 2150 134 2214 endam,
156 2152 217 2202 Lib.
231 2155 265 2203 11
278 2156 371 2219 Georg.
383 2170 463 2204 versu
474 2154 531 2218 384.
548 2153 614 2203 Sunt
632 2152 677 2228 qui
693 2151 876 2212 adumbratum

11 2231 27 2262 n
53 2215 159 2267 Baccho
179 2215 261 2266 fuisse
283 2218 364 2268 velint
380 2217 584 2280 Nemhtodum,
607 2229 652 2284 qur
673 2214 791 2267 Hebraei
810 2230 875 2268 voce

11 2277 147 2339 lar-clins,
158 2280 185 2328 id
198 2292 254 2343 est,
269 2282 352 2331 Chusi
363 2282 432 2333 lilius
440 2315 449 2343 ,
458 2280 611 2393 appellatur.
624 2279 690 2329 Sunt
696 2278 741 2345 qui
750 2281 874 2353 Moysen

11 2357 26 2389 n
45 2357 83 2389 eo
93 2357 246 2409 expressum
255 2356 389 2412 pugnent,
404 2362 434 2395 ac
443 2361 470 2394 m
498 2356 508 2397 t

11 2415 69 2453 »uta
88 2405 292 2471 Baccho„quee
309 2407 386 2474 plane
406 2409 433 2458 in
451 2411 576 2476 Moyaem
595 2405 730 2473 quadrant·
754 2406 875 2482 Plerique

11 2482 100 2543 mnes
112 2464 139 2516 N
142 2469 248 2523 οέωιιιυ
263 2471 290 2521 in
311 2486 344 2520 eo
363 2472 494 2539 depictum
512 2481 636 2531 censent,
663 2481 775 2521 satorem
793 2472 873 2535 vitis,
930 2514 935 2519 ,

11 2548 28 2581 c
43 2547 102 2579 vim
114 2547 169 2582 sive
178 2545 396 2598 moechatorum,
416 2535 473 2586 sive
486 2545 671 2603 reparatorem.
697 2535 729 2583 In
744 2549 802 2585 eam
813 2550 873 2585 seu·

11 2611 43 2644 en
61 2594 112 2647 iam
130 2596 264 2663 explicant
272 2614 331 2664 quae
344 2599 430 2664 poeta
444 2600 477 2649 de
492 2598 594 2649 Baccho
610 2598 715 2651 tradunt
731 2613 846 2664 rnempe
857 2616 875 2649 a
897 2640 900 2647 a

11 2659 170 2723 laradibus,
185 2659 296 2713 lentium
304 2663 428 2730 nymphis
437 2661 608 2731 presidibus,
625 2663 764 2710 educatum
776 2661 873 2724 litisse;

11 2736 24 2774 t
49 2723 144 2775 vinum
167 2725 234 2790 aqui
248 2729 446 2794 temperandum
466 2727 598 2776 docerent.
618 2723 734 2791 Pingunt
751 2725 874 2777 eumdem

12 2785 98 2836 nerili
110 2803 214 2854 semper
223 2787 310 2850 vultu3
319 2789 384 2840 ebrii
396 2787 752 2858 puerorumsimillimisuet:
763 2789 873 2853 nudum,

11 2852 63 2900 uia
74 2849 177 2899 nullum
185 2850 259 2902 ebrio
268 2870 389 2903 arcanum
400 2864 449 2903 est.
460 2852 584 2902 Furiosus
594 2851 704 2901 comites
714 2851 753 2901 illi
762 2853 872 2918 addunt,

11 2930 83 2979 gres
93 2914 152 2976 ejus
162 2915 248 2964 currui
258 2917 401 2987 subjugum
411 2934 419 2976 3
440 2916 502 2983 quia
509 2916 600 2965 vinum
612 2948 619 2977 ,
640 2930 748 2965 excusso
765 2918 874 2969 rationis

11 2976 134 3049 aperio,
153 2977 356 3044 intemperantes
370 2980 410 3035 iri
423 2991 451 3033 et
461 2979 553 3033 lurore
571 2977 707 3043 incendit,
728 2995 758 3030 ac
776 2979 873 3035 bellms

11 3038 259 3097 *rtrilhmosreddin

511 2341 670 2411 aprolerunt
682 2343 792 2410 epodus
802 2343 873 2397 attri-
961 2403 963 2407 Ι
