2220 3896
163 175 816 261 strtntouctusouturt.
872 169 935 258 ,εις

12 340 13 375 p
54 287 185 354 Labitur
203 287 255 349 htc
267 288 418 369 quidam,
432 285 528 344 nimii
544 283 715 343 formidine
725 299 854 342 cursum

53 368 274 452 Principium,
308 369 513 447 capiturque—2
539 379 585 424 ast
615 361 705 422 illum
737 364 770 420 in
799 356 936 439 plurimu

220 463 342 509 sectum

55 531 185 599 Fuisti,
205 525 437 608 superueniens,
454 540 491 584 ut
504 522 609 584 multis
622 536 766 582 mortuus
778 541 859 583 unus

56 607 244 679 sufficeret,
260 621 363 667 totum
372 607 505 666 corrosis
521 603 639 665 ossibus
653 603 719 662 edit
822 655 826 661 ,
955 585 997 650 80

56 689 181 748 Victrix
192 687 298 761 turba,
316 707 378 747 nec
390 686 514 745 ardenti
532 684 660 745 decoxit
674 681 791 751 ahen0,

54 770 121 828 Aut
138 766 296 828 verubus:
318 765 450 847 longum
477 782 578 846 usque
606 762 712 835 ade0,
743 759 935 844 tardumque

220 861 341 928 putavit

55 928 248 1009 Exspectare
262 925 373 996 focos,
393 939 545 986 contente
556 923 708 983 cadavere
720 919 831 982 crudo.

56 1009 141 1071 Hinc
158 1007 306 1090 ,gaudere
327 1004 418 1074 libet,
440 1004 528 1086 quod
549 1024 615 1063 non
633 1000 795 1062 violaverit
808 998 931 1083 ignem,

57 1085 162 1167 Quem
174 1087 295 1146 summi
306 1082 377 1146 coeti
388 1099 513 1163 raptum
526 1082 666 1162 departe
684 1083 892 1143 Prometheus
953 1071 994 1137 85
1038 1133 1040 1137 ,

56 1168 197 1226 Donavit
209 1167 298 1225 terris
312 1186 321 1225 ε
339 1164 498 1224 elemento
509 1161 668 1244 gratulor,
684 1177 717 1221 et
729 1177 760 1221 te

56 1244 221 1306 Exsultare
234 1254 325 1313 reort
347 1245 403 1304 sed
413 1245 468 1325 qui
478 1243 626 1303 mordere
641 1241 775 1303 cadaver

56 1324 229 1393 Sustinuit,
243 1324 323 1408 niliil
339 1343 491 1406 umquam
512 1323 571 1383 hic
587 1342 683 1382 carne
697 1319 844 1381 libentius
857 1320 934 1383 edit.

55 1405 141 1465 Nam
159 1404 276 1465 scelere
293 1404 326 1462 in
347 1417 435 1463 tanto
454 1425 496 1463 ne
516 1422 654 1484 quaeras,
672 1414 704 1462 et
725 1400 870 1471 dubites,
893 1420 949 1459 an,

56 1483 164 1543 Prima
174 1482 246 1545 volu
271 1497 367 1543 tatem
382 1482 453 1564 gula
466 1484 610 1552 senseriu
624 1478 751 1541 ultimus
764 1495 871 1540 autem
951 1495 994 1560 90

55 1561 123 1643 Qui
136 1564 222 1624 stetit
233 1505 401 1643 uisumpto
414 1565 477 1641 jem
489 1576 558 1622 toto
568 1581 705 1642 corpore
718 1605 726 1635 ‚
749 1561 852 1620 ductis
1035 1557 1040 1567 '

58 1733 137 1774 munt
155 1724 252 1777 aeriter
271 1731 298 1773 et
317 1731 413 1787 urgent
433 1738 443 1770 .·
467 1734 578 1796 quorsum
595 1736 681 1784 unus,
701 1718 765 1787 dum
782 1733 840 1785 pne
865 1729 937 1769 metu

59 1784 140 1837 nimis
158 1788 265 1854 propere
279 1789 376 1852 sugam
392 1788 504 1851 arripit,
525 1787 613 1844 cadit,
629 1800 683 1834 corn
704 1783 871 1842 reitandum,
894 1800 937 1831 re-

58 1861 136 1900 catur
155 1868 170 1901 a
187 1851 328 1902 victoribus
342 1849 468 1913 infructu
482 1859 497 1911 ,·
513 1860 544 1898 ut
557 1849 614 1912 ejus
631 1865 661 1898 ca
701 1849 766 1897 veris
775 1847 936 1913 particulam
986 1854 994 1864 ’

58 1914 155 1964 habere
169 1915 271 1982 singuli
286 1924 411 1981 possent,
430 1914 547 1979 denique
564 1915 600 1962 ita
617 1913 776 1973 comeditur,
792 1922 864 1961 utne
874 1912 938 1977 ipsis

57 1979 166 2044 quidem
184 1981 281 2029 ossibus
292 1988 427 2045 pareatur.
439 1979 534 2043 Neque
544 1981 607 2027 verd
623 1975 696 2026 illud
713 1987 762 2025 aut
775 1976 879 2026 eliaeurn
890 1985 939 2025 aut

18 2072 22 2080 ι
58 2052 155 2091 tostum
167 2045 351 2102 comederunt,
372 2042 474 2107 longior
488 2053 528 2092 est
540 2042 603 2107 ipsis
620 2043 679 2092 viro
700 2040 816 2090 torrendi
830 2050 877 2089 out
892 2057 936 2088 co·

81 2108 163 2157 uendi
184 2109 320 2157 cadaveris
337 2123 425 2165 mora,
438 2106 534 2155 crudas
543 2122 636 2156 carnes
645 2108 812 2154 devorarunt.
822 2106 936 2153 Faenum

59 2122 144 2234 gene,
162 2173 233 2238 quod
249 2174 337 2238 ignem
348 2189 365 2219 α
380 2171 534 2220 Prometheo
550 2188 587 2221 ex
602 2171 700 2220 oetlrere
715 2168 835 2218 delatum
846 2171 874 2216 in
886 2179 936 2218 ter·

58 2250 121 2294 ras,
146 2245 201 2284 tum
229 2235 331 2285 cntdeli
343 2233 451 2300 flagitio
471 2252 524 2283 non
544 2234 809 2283 contaminaverint:
831 2232 936 2295 gorrdco

58 2309 114 2348 tam
126 2299 214 2348 nobile
222 2300 380 2348 elementum
395 2299 446 2347 trra
457 2300 624 2346 immanitate
632 2298 762 2345 violatum
776 2292 919 2360 nonsuisse
925 2326 936 2355 ,

57 2362 173 2410 anteiri
204 2378 288 2426 noque
302 2361 420 2424 gaudere
437 2361 558 2409 arbitror.
577 2362 696 2410 Ceterrim
714 2360 878 2426 arripuimus
899 2374 937 2410 ent

58 2424 114 2473 illis
132 2378 251 2473 pariaris
273 2422 362 2472 avidas
380 2423 472 2472 dentes
489 2424 610 2472 cadaueri
628 2425 733 2490 infixit,
755 2425 861 2473 nullum
878 2440 945 2475 unt-r

57 2503 142 2555 quam
154 2487 288 2551 ferculum
314 2488 363 2537 isto
381 2486 527 2551 jucundius
547 2490 645 2553 attigit.
668 2488 734 2537 Noli
755 2491 827 2537 enirn
846 2488 935 2537 scirci-

58 2551 127 2615 tari,
143 2562 192 2600 aut
210 2552 357 2616 ambigere,
381 2567 417 2600 an
432 2553 589 2616 gratissimae
604 2551 749 2602 acciderint
771 2552 858 2617 impiis
876 2551 935 2599 ltel-

57 2615 182 2665 luonilrus
197 2615 285 2683 epuloe
301 2626 356 2664 taut
373 2616 528 2674 sceleratae,
543 2619 601 2665 crim
614 2618 741 2682 postremi
758 2617 875 2665 omniurn
888 2616 936 2681 qui

57 2679 97 2728 ad
115 2695 160 2729 eas
178 2697 308 2730 accessere
319 2689 382 2745 post
401 2696 463 2728 uam
484 2688 566 2729 totum
587 2681 702 2730 cadauer
724 2679 891 2744 absumptum
916 2694 935 2728 a

48 2773 50 2776 >
51 2743 185 2810 prioribus
194 2755 221 2794 et
231 2760 359 2794 corrosum
364 2695 436 2808 dit,
445 2743 531 2793 diram
544 2745 554 2792 ἱ
591 2745 685 2793 luviem
700 2743 850 2808 colligendo
861 2759 933 2791 sum·

57 2808 106 2856 mis
115 2808 205 2874 digitis
213 2811 370 2874 sanguinem
379 2841 386 2866 ,
402 2824 435 2856 ac
455 2761 604 2872 ligurierido
614 2825 717 2858 surrtma
727 2823 786 2856 curn
797 2805 935 2871 voluptate

56 2870 234 2936 expleverint(
243 2873 350 2923 Litteris
357 2871 493 2938 proditam
508 2881 549 2922 est
566 2872 699 2925 Vascones
715 2873 786 2920 ltuuc
796 2873 825 2919 in
837 2886 935 2921 morunt

89 3012 131 3064 85.
149 3014 328 3065 Prometheus.
347 3014 401 3065 Set.
419 3016 477 3080 IV,
510 3029 575 3078 nas,
589 3016 683 3083 qulbus
700 3015 777 3084 impii
786 3014 935 3082 Tentyritae
1004 3016 1008 3023 '

58 3088 124 3129 note
144 3077 201 3127 130.
511 3079 679 3130 satiarentur.

90 3141 132 3191 86.
140 3142 431 3206 Elementogratulor.1
469 3142 478 3191 i
541 3146 580 3193 Et
587 3155 613 3194 te
620 3143 755 3194 exsultare
767 3161 831 3193 reor.
842 3144 901 3205 Te,
916 3158 935 3193 o

57 3205 176 3277 gratulor
188 3205 260 3272 quod
274 3222 327 3256 non
344 3206 377 3256 sit
393 3207 437 3257 rio
449 3223 477 3255 a·
510 3205 623 3268 Volusi,
635 3206 825 3261 credonrecum
835 3207 933 3263 sentire

57 3282 117 3337 tus,
134 3269 272 3340 coquendo
282 3285 371 3322 cernes
382 3270 476 3323 huma·
510 3280 537 3322 et
545 3270 635 3325 laetari.
813 3287 816 3290 ’
