2136 3906
141 257 392 322 sATvIRA
449 258 738 345 QUARTA.
810 258 871 325 382‘

15 362 127 424 cilicet
148 362 331 444 ingenium,
363 375 396 421 et
418 370 527 421 reruni
549 360 718 440 prudentia
739 359 831 420 velox

13 457 79 501 nte
95 441 176 522 pilos
187 442 294 501 venit?
315 440 468 506 dicenda.
496 441 695 521 tacendaque
709 436 821 501 calles?
863 478 866 497 ι
892 438 913 505 5

13 524 86 603 irgo
105 521 160 580 uhi
172 521 332 580 commoti
343 519 445 594 fervet
457 518 623 599 plebecula
635 519 695 579 bile
707 565 715 592 ,

13 603 80 659 lert
94 602 219 659 animus
232 599 339 660 calidae
351 599 460 659 fecisse
475 598 596 659 silantia
608 597 725 670 turbae,

13 682 173 757 llajestate
187 681 299 737 mamis
312 700 318 736 :
331 679 408 758 quid
419 678 535 738 deinde
548 677 679 757 loquere
693 682 707 739 ἓ
721 680 874 760 Quirites,

13 758 93 831 loc,
117 773 215 898 pulla,
240 779 306 818 non
323 762 438 835 justum
458 772 521 831 est,
541 755 619 815 illud
634 756 731 830 male,
751 761 867 820 rectius

100 839 164 897 istu
197 858 205 896 :
486 864 489 868 ⁴
632 838 636 843 ’
730 886 734 895 ,

15 917 66 976 cia
90 919 210 977 etenim
232 918 350 992 justum
362 917 485 998 gemini
500 919 692 998 suspendere
702 919 793 979 lance
884 950 922 994 10

13 998 157 1077 incipitis
178 994 265 1055 librae
275 1017 285 1074 3
302 1012 426 1056 rectum
442 997 613 1075 discernis,
624 1010 626 1013 ’
637 998 689 1057 ubi
699 1001 792 1058 inter

13 1078 107 1135 lurra
124 1074 228 1145 subit,
254 1075 299 1135 vel
316 1076 389 1135 crim
402 1073 481 1134 fallit
521 1078 580 1137 ede
598 1099 633 1136 re
654 1078 706 1136 ula
717 1098 812 1149 varo,
849 1122 851 1125 ψ

13 1157 41 1214 lt
56 1156 138 1234 potis
154 1175 186 1215 es
200 1156 323 1237 nigrum
338 1156 412 1214 vitio
424 1099 587 1238 praeligare
604 1099 718 1216 Tleta.
873 1162 879 1171 “

13 1274 140 1340 enfidasl
162 1291 200 1325 an
224 1276 361 1340 ingenium
391 1274 440 1324 tibi
462 1281 491 1325 et
501 1276 645 1342 prudentia
665 1278 790 1326 maturior
809 1289 873 1328 ante
956 1336 958 1341 ¹

13 1350 108 1389 itatem
120 1338 211 1389 amit?
224 1356 269 1389 nnr
278 1350 351 1390 tenea
360 1341 425 1414 quid
433 1340 573 1390 tacendum
586 1374 594 1403 ,
613 1341 679 1406 quid
689 1341 830 1390 dicendum
844 1343 872 1391 in

13 1419 58 1453 >ca
75 1403 128 1452 ait.²
149 1405 212 1469 Age
233 1420 310 1469 ergo,
329 1404 374 1453 ubi
389 1422 425 1471 po
443 1406 502 1454 ulus
521 1405 602 1455 iratus
628 1405 784 1454 excitaverit
801 1406 887 1455 sedi·

13 1468 114 1526 ¹amem,
134 1467 198 1517 libet
210 1469 350 1518 tumultum
369 1421 482 1526 sedlre,
495 1470 602 1542 prolata
614 1484 695 1516 uranu
710 1476 769 1518 cum
784 1469 871 1534 digni·

13 1541 75 1590 nte,
97 1541 125 1580 et
141 1532 275 1582 silentium
294 1533 410 1581 indicere
428 1550 437 1587 ,τ
472 1531 519 1578 rud
537 1531 607 1579 dices
623 1531 871 1598 deinde'lnampe:

13 1595 123 1657 hines,
146 1612 178 1645 en
192 1596 338 1658 resinjusra
347 1593 395 1643 'est
408 1612 418 1641 .·
432 1549 480 1642 illa
502 1595 587 1652 mali,
606 1596 662 1642 lraec
682 1597 796 1658 rectius,
816 1598 871 1662 opi·

13 1675 67 1720 nr,
78 1659 149 1722 fiet:
165 1661 214 1708 scir
234 1660 330 1706 etenim
357 1657 429 1723 quod
445 1657 543 1721 justum
562 1668 602 1706 est
622 1660 778 1706 examinare
802 1662 873 1708 rentii

13 1723 96 1770 udicii
106 1731 133 1770 et
144 1722 252 1769 rationis
260 1725 359 1769 trutina
369 1739 379 1778 ;
398 1722 551 1769 internoscis
560 1721 631 1784 quod
641 1731 680 1769 est
690 1731 787 1770 rectum
795 1755 805 1780 ‚
828 1724 873 1771 ubi

13 1795 74 1833 nter
88 1800 167 1834 curun
185 1795 212 1834 et
229 1785 322 1833 vitiosa
341 1783 419 1846 latet,
431 1783 479 1833 vel
493 1780 656 1858 crlrnnliqua
668 1800 765 1832 nicrum
776 1795 803 1833 et
808 1785 873 1849 juris

13 1847 96 1913 egula
119 1846 208 1896 evadit
229 1863 305 1895 curva
327 1857 353 1895 et
365 1846 462 1911 fallea:
472 1878 486 1906 „
504 1863 564 1895 eam
587 1846 713 1896 videlicet
732 1849 874 1898 emendare

13 1923 95 1970 ›otea;
118 1920 146 1960 et
149 1927 233 1977 praua
244 1911 391 1976 vitiosaque
401 1913 468 1961 nosti
478 1911 672 1972 condemnare,
696 1912 800 1977 nigram
818 1912 873 1961 ttttr

36 2025 63 2085 4.
80 2021 187 2071 Scilicet
199 2023 344 2088 ingenium.
366 2023 422 2071 Iro·
457 2020 557 2072 Graecia
571 2018 683 2088 intelligi
695 2020 782 2070 debet.

13 2083 64 2136 tici
80 2084 138 2136 haec
150 2097 178 2135 et
187 2086 330 2152 sequentia.
342 2085 423 2136 Porrb
491 2102 529 2134 11.
550 2085 603 2134 Ubi
616 2086 692 2153 inter.
705 2083 762 2134 Ubi
774 2100 802 2135 se
812 2085 871 2135 aba·

14 2151 164 2215 ngenium,
193 2150 265 2214 juxta
289 2150 422 2205 Casaubo-
456 2149 546 2198 condit
563 2159 590 2198 et
611 2148 674 2198 latet
694 2148 762 2196 inter
778 2165 872 2212 curra,

13 2229 87 2277 ium,
108 2212 152 2262 hic
165 2224 255 2287 pateat
275 2213 357 2280 accipi
375 2229 423 2280 pro
456 2213 547 2270 idest,
558 2213 625 2260 inter
632 2211 726 2274 iirjusta
733 2221 762 2260 et
773 2212 872 2278 iniqua.

13 2279 134 2344 rapientia
143 2312 151 2336 ‚
157 2278 254 2344 judieii
264 2279 423 2329 maturitate.
457 2277 547 2327 Virtus
561 2275 631 2323 enirn
646 2276 723 2324 estin
735 2275 823 2325 madio
832 2278 871 2328 ri·

37 2344 136 2390 Rerum
161 2343 312 2406 prudentia.
335 2342 423 2408 Expe·
456 2340 551 2389 tiorum
568 2339 687 2388 ducrum.
834 2354 845 2363 2

13 2400 117 2467 ientia3
140 2420 212 2452 usus.
472 2434 474 2441 x
491 2420 529 2451 12.
549 2402 629 2453 Varo.
646 2402 782 2465 Distorto,
803 2402 871 2451 obli-

42 2467 140 2519 Velan.
160 2467 333 2529 Praematnra,
364 2481 424 2518 ante
474 2477 551 2515 unet
571 2481 658 2515 curro.
681 2467 746 2516 Vari
766 2467 872 2534 proprii

13 2544 108 2597 :empna
120 2565 128 2594 ,
153 2543 213 2580 ante
237 2531 423 2605 pubertatem,
456 2483 592 2592 ilicuntur,
619 2531 663 2596 qui
682 2532 763 2597 pedes
782 2530 873 2579 intror-

13 2606 66 2662 μω
74 2594 145 2662 apud⁴
152 2596 327 2645 Athenienses
339 2610 424 2646 sume
456 2609 511 2642 aunt
532 2590 643 2642 inflexos
658 2594 765 2644 habent.
776 2593 872 2641 Exem-

13 2670 100 2721 natur,
126 2670 154 2708 nt
178 2659 271 2720 aiunt,
295 2659 329 2708 ab
355 2675 424 2710 anno
456 2656 871 2766 plumait.Esthaecju1isregula‚

13 2722 92 2773 atatis
109 2722 210 2772 decimo
223 2734 325 2772 octavo.
454 2722 595 2771 Reddatur
609 2721 769 2788 depositum:
780 2737 794 2768 a
805 2720 873 2785 tquia

24 2787 64 2837 -5.
89 2786 169 2836 Plias.
196 2786 267 2835 Ante
293 2787 421 2849 barbam,
455 2801 532 2834 sanus
550 2800 639 2834 ensem
657 2782 731 2851 apud
746 2794 772 2832 te
790 2784 872 2849 depo·

13 2860 68 2899 inte
76 2865 173 2913 canoa,
189 2860 249 2899 ante
257 2852 423 2919 grandiorem
455 2849 521 2907 suit3
535 2847 593 2895 ciam
606 2849 700 2915 repetit
711 2846 781 2895 idem
794 2847 821 2895 in
832 2849 872 2897 in-

13 2924 124 2963 aetatem.
456 2912 555 2973 anniam
570 2922 659 2971 actast
671 2910 737 2959 t'allir
749 2913 800 2960 hoc
813 2911 874 2962 loco

41 2975 66 3024 8.
91 2976 213 3039 Quirites.
234 2975 341 3051 Proprie
355 2978 424 3027 cives
456 2992 485 3024 re
504 2973 566 3035 ula,
591 2991 675 3040 neque
701 2975 770 3024 enim
794 2975 874 3026 debea

13 3039 122 3088 Romani
139 3051 197 3089 aunt
213 3039 250 3088 sic
270 3041 334 3089 dicti
348 3058 363 3090 a
375 3042 425 3089 Cu·
456 2993 566 3094 reluere
583 3039 740 3103 depositum.

13 3103 80 3152 ribus
97 3105 161 3153 urbe
185 3100 361 3165 Saltinorum,
381 3116 426 3152 aut
492 3104 530 3153 13.
557 3100 873 3169 Theta.Graec01urnju-

13 3183 26 3216 α
47 3166 144 3241 Quiri,
173 3183 232 3232 quaa
253 3182 321 3230 vox,
336 3167 373 3216 lin
392 3169 426 3216 ul
458 3165 875 3229 dices,ci1mreumc0n‹lemna·

13 3229 120 3293 Sabini,
143 3230 244 3280 hastam
260 3242 344 3280 sonat.
403 3231 427 3281 ic
449 3232 540 3293 bant,
553 3229 674 3278 solebant
684 3229 825 3280 tabellariis
837 3247 875 3279 ur*

13 3304 116 3365 autem,
140 3310 187 3365 per
205 3295 376 3346 catachresfm
395 3294 428 3350 de
460 3291 684 3361 nam‚relciatam
693 3295 823 3346 dimittere
829 3294 877 3359 ,in
