2222 3908
126 279 183 357 ma
342 280 431 340 ur.
455 278 774 342 suvuuatls

72 420 77 427 =
123 382 233 461 inqua
249 376 392 440 sollicitas
404 381 543 439 imitatur
552 383 644 457 janua
656 395 773 460 portas.
795 440 805 461 ,

124 463 189 519 Scit
205 461 278 521 dure
297 460 423 529 libertos
437 462 618 521 extremam
628 475 716 540 parte
731 459 876 521 sedentes

125 540 271 613 Ordinis,
288 555 319 599 et
331 561 455 622 magnas
466 541 617 599 comitum
630 540 796 619 disponere
810 560 915 602 voces.

72 616 115 697 ’45
125 622 229 679 Nemo
245 619 331 679 dabit
345 639 471 700 regum,
486 621 595 700 quanti
606 617 750 678 subsellia
762 635 910 680 constent
922 664 931 692 ‚

125 700 165 758 Et
179 720 249 780 quse
263 700 424 760 conducto
440 700 584 779 pendent
596 698 767 759 anabathra
786 698 883 784 tigillo
898 745 905 770 ‚

124 780 309 860 eraequere
334 779 472 840 ortandis
487 779 588 859 posita
598 778 816 839 estorchestra
826 779 996 840 cathedris.

122 859 191 918 Nos
198 874 303 919 tamen
311 802 376 919 boc
385 862 521 940 agimus,
536 861 687 941 tenuique
700 858 871 939 inpulvere
879 859 984 922 sulcos

122 938 294 1006 Ducimus,
311 939 437 999 etlittus
447 940 543 999 sterili
554 938 710 998 uersamus
723 954 835 999 aratro.
939 960 942 965 ’

69 1012 111 1076 50
124 1019 207 1078 Nam
223 1021 250 1107 ⁵i
268 1019 409 1083 discedas
421 1060 431 1101 7
442 1018 558 1102 laqueo
570 1032 659 1078 tenet
668 1017 822 1079 ambitiosi

53 1170 56 1175 ›
89 1178 95 1191 .
122 1148 166 1199 tur
216 1138 337 1215 amplam
360 1172 369 1203 ,
396 1139 557 1205 ingentem,
576 1137 672 1202 ferreis
697 1140 827 1189 munitam
850 1138 997 1201 claustris,

87 1224 94 1251 ι
121 1219 176 1269 qua
190 1203 216 1252 ia
240 1213 363 1253 uuuntrsr
389 1201 572 1264 inturbidus,
599 1215 661 1269 quae
689 1204 808 1252 vicinum
825 1202 924 1253 bostem
940 1221 996 1255 me·

122 1278 204 1317 tuunt
222 1287 232 1318 .-
249 1270 319 1318 idem
333 1265 437 1333 jubebit
475 1266 585 1327 uosdom
603 1267 683 1316 esuis
705 1267 804 1317 libertis
827 1278 854 1317 et
869 1266 975 1332 affectis
985 1302 996 1333 ,

122 1333 171 1398 qui
186 1348 251 1382 uoce
267 1333 394 1394 valeant,
413 1346 442 1379 se
478 1346 504 1379 re
525 1331 554 1380 in
568 1330 698 1380 remotiori
715 1333 789 1382 auloe
800 1363 810 1390 ‚
827 1331 873 1381 ubi
883 1333 998 1397 recitas,
1061 1330 1068 1338 ⁴

117 1405 197 1463 parte
208 1431 216 1456 ‚
225 1396 414 1463 postremusque
435 1395 620 1444 cathedrarum
638 1394 789 1459 ordinibus,
799 1395 995 1464 etibiplaude·

122 1475 170 1516 re,
189 1469 266 1527 taque
286 1460 416 1509 dicentem
432 1456 534 1571 faustis
552 1459 709 1509 clamoribus
728 1464 757 1508 et
772 1459 996 1510 admurmuratio·

121 1520 200 1572 nibus
216 1526 360 1591 prosequi:
376 1533 405 1573 at
421 1522 431 1572 t'
443 1521 525 1572 lorum
537 1522 646 1572 diuitum
657 1521 748 1572 nullus
755 1526 879 1589 pecunioe
889 1534 996 1575 tantum

121 1586 170 1637 tibi
186 1586 330 1654 largietur,
349 1598 480 1655 quantum
500 1587 653 1653 impendisti
676 1589 731 1637 sive
746 1588 785 1637 ad
807 1588 996 1640 conducendas

120 1650 272 1707 «rediturum
293 1652 452 1713 cathedras,
470 1661 498 1701 et
517 1651 616 1718 gradus
626 1683 635 1709 ,
646 1653 693 1717 qui
705 1654 825 1718 suspensi
835 1663 927 1703 sunta
941 1664 995 1704 tra-

122 1714 197 1765 bibus
209 1720 222 1781 ,'
236 1715 331 1784 qrtibus
347 1717 496 1784 impositum
506 1726 548 1765 est
554 1716 685 1782 pulpitum
700 1731 748 1765 seu
766 1727 939 1782 suggestum,
958 1734 997 1767 ea:

119 1796 174 1847 quo
189 1783 244 1849 ipse
261 1792 336 1831 stans
352 1780 503 1839 declamas,
514 1782 568 1829 sive
586 1780 625 1829 ad
642 1778 834 1831 includendam
859 1798 889 1831 se
908 1782 942 1830 tis
960 1781 994 1832 ti·

119 1846 197 1908 prucis
208 1847 338 1913 spatium,
358 1844 475 1922 inquod,
493 1853 628 1956 tampuam
647 1844 675 1899 in
688 1844 844 1897 orchestram
863 1863 879 1895 a
892 1847 995 1913 iquam,

120 1907 272 1974 inferuntur
286 1910 450 1961 honoratiora
470 1909 547 1958 subse
560 1908 597 1959 tia
607 1907 682 1973 finos
701 1908 799 1960 deinde
816 1909 996 1977 exportanda.

120 1970 233 2023 Studere
253 1984 343 2024 tomen
362 1993 395 2026 ac
414 1975 525 2024 scribere
564 1974 696 2038 argimus,
715 1974 820 2034 miseri,
835 1991 943 2024 aramus
955 1975 998 2023 in·

116 2034 275 2102 seecundum
295 2038 367 2088 littus
387 2047 415 2088 et
421 2039 534 2105 pulveru
546 2048 635 2089 entarn
653 2056 685 2088 ac
701 2037 816 2088 sterilem
832 2037 942 2088 humum
952 2055 996 2088 co·

121 2099 210 2149 limus.
232 2101 440 2167 Nequoartem,
483 2103 632 2150 uantumvis
650 2102 783 2177 ingratam
804 2111 832 2152 et
850 2102 996 2166 inutilem,

116 2179 255 2235 possumus
273 2165 425 2232 deponere,
438 2182 455 2215 a
491 2181 506 2212 o
526 2181 574 2215 nos
592 2165 998 2232 vetutzrrettsostmunagtortoe

154 2271 197 2332 42.
214 2271 316 2321 Portos.
335 2271 424 2337 Maius
443 2270 540 2325 ostium
572 2271 742 2342 propinquior
753 2272 855 2323 theatro
867 2307 875 2336 ‚
887 2272 932 2322 ubi
942 2274 994 2324 ho·

121 2332 199 2400 quale
219 2335 247 2383 in
272 2335 379 2385 urbibus
397 2346 435 2385 est
447 2369 455 2398 ,
463 2345 540 2402 porta
554 2386 557 2390 Δ
573 2338 717 2388 noratiores
744 2336 890 2399 sedebant,
910 2337 995 2406 mugit

121 2408 285 2465 nuncupatur
294 2416 302 2460 ς
310 2400 411 2465 minus,
421 2398 499 2465 quale
513 2399 541 2449 in
573 2400 684 2451 dicimus
695 2402 721 2451 le
734 2410 856 2468 parquet.
867 2402 911 2451 Ad
921 2418 995 2452 eum-

118 2461 261 2525 *domibus,
278 2464 374 2533 janua.
521 2515 528 2532 ι
574 2464 634 2514 dem
647 2467 755 2515 modum
771 2464 997 2528 insula,ubiva-

121 2540 126 2545 ·
154 2525 196 2590 43.
207 2527 335 2578 Libertas.
346 2527 478 2590 Libertus,
486 2543 540 2578 ser·
572 2539 611 2578 tes
626 2529 752 2580 recitabat
767 2562 775 2592 ,
797 2528 909 2596 spatium
924 2529 994 2581 ittud

121 2606 170 2641 rus
180 2602 220 2642 est
229 2593 401 2643 manumissus
410 2625 419 2656 ,
427 2591 481 2642 sire
492 2591 540 2642 do·
573 2593 645 2663 quod
659 2604 714 2644 erat
723 2604 848 2661 suggesto
860 2593 972 2643 vicinius
984 2628 995 2659 ,

121 2666 198 2705 uatus
216 2655 345 2707 issiertata.
465 2686 468 2701 ι
573 2657 732 2717 orditurum
742 2655 889 2719 vocat,ubi
898 2656 995 2708 sedilia

155 2721 196 2784 45.
219 2723 261 2772 Re
297 2738 331 2771 m.
352 2719 399 2770 tic
417 2730 542 2788 patronos
573 2722 885 2784 esseutomatiora,non
902 2732 996 2774 tomen

122 2737 326 2837 auosrocabbnt
342 2783 458 2835 clientes.
574 2785 703 2850 stabilia,
721 2797 748 2835 et
767 2794 894 2853 perpetua
917 2797 946 2834 at
964 2788 996 2836 in

158 2850 200 2912 46.
223 2850 396 2902 Anabatlsra.
414 2848 517 2899 Gradus
533 2883 542 2914 ,
573 2849 676 2903 theatro
687 2883 695 2913 ,
706 2848 801 2900 sedad
813 2849 996 2917 tempuaposi·

122 2914 166 2967 vel
184 2914 279 2978 scalas,
294 2931 342 2984 per
357 2927 421 2980 quas
432 2911 466 2963 ad
480 2929 542 2983 sug·
579 2924 621 2978 ta,
630 2912 760 2983 quaeforis
770 2915 995 2981 adportata‚p0st

124 2985 226 3046 gestum
245 2978 421 3029 adscendebat
442 2977 540 3043 podta,
573 2977 791 3028 declamationem
830 2988 996 3044 reportaren-
1034 3006 1045 3023 .

121 3041 276 3092 velorator
291 3042 489 3093 declamaturus.
512 3070 516 3077 ·
573 3053 624 3093 tur.

119 3132 123 3139 ·
160 3101 265 3168 digitto.
282 3103 541 3172 suggestionum·
605 3105 648 3169 48.
666 3107 702 3156 In'
716 3102 847 3173 psaltere,
855 3115 908 3155 etc.
927 3104 994 3156 Pro-

121 3169 190 3216 tiore
209 3165 308 3232 positus
325 3181 381 3218 erat
403 3168 490 3234 loco,
512 3180 540 3220 at
570 3170 687 3220 serbiam
694 3182 748 3235 est,
759 3186 832 3221 arare
841 3168 997 3236 pulverem,

121 3230 246 3296 subjectis
260 3230 342 3297 tignis
351 3233 438 3283 fultus.
569 3231 661 3294 littus,
682 3250 730 3302 pro
740 3270 749 3301 ,
759 3237 869 3288 inanem
885 3249 997 3315 operam

156 3300 198 3371 47.
214 3293 361 3347 Orchestra.
379 3297 539 3349 Locusta
568 3312 678 3352 statera.
