2316 3906
175 196 233 273 iga
401 194 443 252 o.
468 195 496 252 J.
524 192 815 254 iuvunlms

174 292 236 352 Hic
251 307 355 353 tamen
368 306 400 351 et
412 290 556 351 Cimbros
568 338 575 363 ,
589 307 620 353 et
632 314 753 353 summa
764 292 905 372 pericula
915 316 1037 357 rerum·

174 373 313 450 Excipit,
328 387 363 431 et
373 371 457 435 solus
469 372 680 451 trepidantem
694 375 829 455 protegit
841 374 964 434 urbem.

173 453 279 535 Atque
299 448 372 509 ideo
396 466 564 534 postquam
590 452 631 511 ad
652 452 816 524 Cimbros,
843 469 1046 537 stragemque

273 520 433 604 volabant,
665 529 674 537 ⁸

102 612 163 677 250
178 610 240 689 Qui
248 630 422 691 numquam
438 613 605 691 attigerant
616 613 734 688 majora
747 613 914 686 cadavera,
930 615 1033 685 corvi;

172 690 294 751 Nobilis
311 705 443 749 ornatur
456 689 548 750 laur‘o
564 690 683 774 collega
698 693 848 752 secundi.
922 730 925 735 ·

170 769 303 830 Plebeiae
314 770 489 831 Deciorum
505 772 632 844 animae,
645 770 768 851 plebeia
780 770 914 833 fuerunt

112 912 118 917 ’
174 928 244 962 unns
254 911 436 977 ingruentibus
450 911 561 962 Cimbris
574 909 667 960 ob'ecit
679 927 707 960 se
721 927 818 973 ae,oc
827 913 977 961 Romanam
990 922 1045 961 rem
1151 944 1152 977 3

175 980 205 1026 in
218 990 349 1025 santorum
370 976 486 1025 timorem
505 927 705 1042 periculumque
722 975 867 1024 adductum
882 978 1046 1026 sustentavit.
1123 1029 1126 1033 ,
1151 1014 1152 1029 2

174 1043 244 1090 Eam
254 1040 287 1089 ob
298 1057 352 1089 rem
357 1050 500 1106 postquam
513 1040 674 1090 Cimbrorum
683 1039 758 1089 coede
769 1051 797 1089 et
808 1040 940 1106 songrrirre
954 1041 1048 1089 sanati

174 1114 238 1154 siant
253 1107 336 1163 corvi,
353 1120 499 1170 numquam
515 1103 585 1152 olias
596 1104 678 1152 tontis
688 1113 795 1170 tumque
801 1105 915 1169 proceris
931 1103 1046 1153 cadorc-

177 1170 247 1219 ribrar
285 1170 356 1227 osti,·
383 1168 418 1232 Q.
445 1169 557 1218 Catulus
581 1168 668 1219 Marii
692 1167 812 1234 collega,
846 1170 909 1219 licet
933 1166 1049 1229 nobilis,

174 1186 305 1284 secunrlrr
314 1235 343 1282 in
355 1234 485 1298 triumpho
495 1250 528 1282 oc
536 1233 655 1282 victorina
666 1232 752 1297 glorio
782 1241 852 1282 ortes
862 1231 930 1281 antia
942 1231 1049 1281 Plcboii

170 1297 249 1361 suere
265 1298 345 1349 Decii
356 1307 436 1362 poter
456 1306 483 1346 ot
497 1295 692 1362 filiur5otquc
714 1298 724 1346 i
764 1312 805 1345 ooo
825 1296 881 1345 loco
906 1297 983 1354 nati,·
1005 1297 1050 1346 ni·

211 1408 267 1469 24.
293 1405 417 1454 Cimbros.
441 1399 592 1453 Germaniae
656 1403 712 1453 251.
729 1404 833 1455 Nobilis
848 1391 957 1453 ornatur
971 1403 1048 1452 lauro

242 1422 296 1517 lum
316 1467 360 1536 qui
379 1465 478 1517 ell'usus
494 1466 522 1516 iu
539 1468 591 1515 Ita·
625 1466 726 1579 collopa
743 1469 869 1518 seeundo.
880 1467 1049 1542 Q3Lutatius

170 1484 241 1582 iiiiii
257 1548 326 1582 anno
346 1531 384 1581 U.
400 1531 431 1580 C.
451 1530 516 1592 652,
533 1547 591 1581 cum
625 1530 733 1581 Caturia
759 1532 816 1598 ipse
844 1530 942 1581 nobrbs
964 1531 1049 1580 Marii

171 1596 337 1647 Teutonibns
353 1606 380 1646 et
396 1590 591 1657 Ambronibus,
624 1594 736 1662 Collega
747 1596 863 1657 secundo
874 1593 975 1644 tantitnr
986 1593 1048 1644 loco

171 1676 230 1711 eam
254 1674 422 1728 oppressurus
445 1657 591 1709 videbatur.
625 1657 784 1727 triumphat,
801 1655 1049 1710 Matiusverbliclt
1087 1716 1093 1723 ,

137 1760 143 1767 -
172 1727 280 1777 Creatus
302 1735 342 1775 est
359 1727 478 1790 quartiun
494 1722 593 1773 Consul
625 1739 708 1773 novus
737 1723 820 1789 homo
852 1723 949 1790 primas
978 1720 1047 1771 tulit.

171 1788 297 1854 Marius,
319 1782 443 1854 adjuncto
465 1785 515 1857 ipsi
537 1781 590 1839 col·
624 1784 651 1836 N
654 1804 695 1839 am
709 1800 736 1838 et
747 1788 904 1862 praecipuam
917 1786 955 1836 rei
965 1796 1049 1855 gestas

172 1853 233 1923 lega
253 1846 285 1918 Q.
310 1850 415 1903 Lutatio
429 1850 524 1900 Catulo
540 1869 547 1900 z
564 1850 593 1903 in
624 1851 736 1921 gloriam
763 1851 853 1903 Marto
879 1851 1047 1914 attributam,

173 1917 273 1968 Gallias
288 1917 419 1984 proiectus
429 1915 528 1976 ,eodem
545 1932 591 1966 an·
624 1917 739 1965 rel'enmt
746 1916 836 1966 Livius
844 1926 871 1964 et
877 1913 1045 1964 Plutarchust

172 1998 208 2030 no
227 1982 364 2030 Teutonas
390 1976 531 2031 debellavit
560 1979 599 2031 ad,
626 1980 692 2029 adeo
704 1990 734 2031 ut
743 1981 871 2047 primores
881 1977 991 2029 civitatis
1002 1975 1049 2044 qui

172 2047 262 2113 Aquas
274 2043 375 2095 Sextias
393 2056 400 2092 ε
421 2041 512 2093 verbm
533 2043 593 2116 quia
626 2042 697 2154 priris
712 2055 742 2093 nt
759 2059 830 2093 novo
847 2042 948 2092 homini
961 2052 1049 2093 tantos

173 2110 287 2158 Cimbris
308 2107 336 2157 in
355 2107 432 2158 Italia
449 2124 496 2175 par
513 2106 593 2165 Carn-
646 2121 741 2157 onores
759 2107 924 2168 inviderant,
943 2120 1049 2156 conser-

173 2173 214 2223 lus
231 2187 285 2223 non
300 2184 370 2236 erat,
391 2172 509 2223 adhunc
524 2188 594 2239 anno
625 2182 711 2221 vatam
721 2172 755 2221 ab
762 2187 796 2221 eo
802 2170 1002 2237 Rempublicam
1013 2168 1051 2218 fa·

174 2238 326 2306 inseqbente
340 2234 459 2296 advolat,
473 2236 594 2287 Cimbros
626 2246 741 2287 tenentur
751 2247 778 2285 et
787 2233 967 2304 praedicarent.

175 2304 208 2353 nl
220 2300 357 2357 Vercellas
367 2299 501 2371 debellat,
517 2298 594 2353 ceedii
660 2299 717 2351 252.
734 2302 887 2351 Deciorum.
910 2299 990 2351 Anno
1009 2296 1049 2346 U.

112 2378 114 2383 ’
175 2384 209 2416 ex
228 2367 279 2416 illis
299 2376 403 2419 centum
423 2364 596 2433 quadraginta
627 2360 658 2415 C.
673 2358 1049 2439 lrl‚bellu1ngraveRoma-

175 2430 274 2492 mittin,
288 2429 422 2497 sexaginta
431 2428 513 2479 millia
525 2428 596 2496 capit
627 2445 677 2487 nos
693 2424 761 2478 inter
778 2439 804 2477 et
821 2426 929 2477 Latmos
944 2435 1050 2475 exarsit.

174 2507 224 2565 pte.
245 2494 354 2562 civmqnc
365 2493 416 2562 ipsi
436 2492 486 2542 soli
502 2492 594 2545 trium·
627 2488 797 2542 Consulatum
823 2491 949 2561 gerebant
971 2486 1052 2539 Titus

174 2562 242 2629 phua
251 2570 319 2610 esset
326 2556 596 2620 oblatus‚voluitejns
628 2557 746 2607 Manlius
761 2557 819 2606 Tor
838 2568 928 2616 uatus,
950 2564 978 2602 et
989 2552 1048 2601 ‚Pu-

194 2620 596 2693 arricipemessecatulumaicet
628 2615 696 2671 itlius
705 2620 804 2671 Decius
850 2636 886 2669 us.
902 2615 1050 2692 Illefilium

174 2643 264 2739 llario
281 2688 335 2737 lans
348 2684 597 2754 primariavictorioe
629 2684 701 2752 qubd
712 2686 823 2751 injussus
831 2683 949 2744 vicisset,
967 2695 1052 2730 securi

175 2753 339 2814 tribueretur⁴
346 2753 447 2801 Actum
464 2760 537 2811 erat,
555 2749 595 2799 in·
628 2750 773 2816 percussitt
792 2747 835 2797 hic
848 2749 876 2797 in
891 2744 990 2801 somnis
1006 2742 1052 2792 ad-

176 2814 349 2884 quitFlo'ius,
363 2814 475 2873 Lib2III
503 2814 597 2882 cap.3‚
630 2813 744 2863 monitus
769 2828 828 2862 eam
851 2821 951 2878 partem
977 2805 1053 2857 bello

177 2884 229 2943 rriri
239 2884 344 2935 Marius
353 2879 397 2930 illi
412 2849 499 2931 seculo
517 2877 598 2928 conti·
630 2877 789 2945 superiorem
807 2875 882 2939 lbra,
899 2872 971 2938 cujus
987 2870 1053 2920 Dux

174 2949 264 3011 gisset.
509 2940 512 2948 ⁴
593 2988 597 3003 ,
630 2955 658 2989 se
680 2939 739 2991 Diis
762 2939 888 2990 Manibus
912 2937 1054 2988 devoveret

218 3002 277 3059 2502
311 2998 432 3074 Maiora,
454 3004 596 3067 *cadavera
631 3003 767 3071 obiterque
788 3015 899 3053 monem
927 3016 977 3069 pro
1005 3015 1053 3067 pa-

177 3071 369 3133 Germanprnm
389 3068 496 3138 procera
514 3069 598 3139 moles
655 3068 697 3134 a,
712 3069 827 3133 incitator
835 3064 871 3121 in'.
878 3066 969 3119 hostes
985 3077 1055 3130 equo

176 3134 335 3205 celebrator¹
352 3126 423 3205 appel
447 3132 599 3189 'Historicos
644 3133 730 3205 ertiter
747 3124 897 3195 ,occrrbuim
921 3141 948 3179 et
968 3126 1054 3177 victo·

176 3196 362 3271 §lumilas
391 3237 395 3247 .
442 3226 453 3254 ,¹
479 3240 493 3255 .,
592 3248 595 3255 ,
630 3212 696 3248 rtam
715 3197 846 3257 Romanis
864 3195 975 3264 peperit.
997 3189 1055 3241 Sub
