<?xml version="1.0" encoding="UTF-8"?>
<!DOCTYPE html PUBLIC "-//W3C//DTD XHTML 1.0 Transitional//EN"
    "http://www.w3.org/TR/xhtml1/DTD/xhtml1-transitional.dtd">
<html xmlns="http://www.w3.org/1999/xhtml" xml:lang="en" lang="en">
 <head>
  <title>
</title>
<meta http-equiv="Content-Type" content="text/html;charset=utf-8" />
  <meta name='ocr-system' content='tesseract 3.04.00' />
  <meta name='ocr-capabilities' content='ocr_page ocr_carea ocr_par ocr_line ocrx_word'/>
</head>
<body>
  <div class='ocr_page' id='page_1' title='image "./deciijuniijuven02persgoog_0436.png"; bbox 0 0 2136 3906; ppageno 0'>
   <div class='ocr_carea' id='block_1_1' title="bbox 903 1 985 82">
    <p class='ocr_par' dir='ltr' id='par_1_1' title="bbox 903 1 985 82">
     <span class='ocr_line' id='line_1_1' title="bbox 903 1 931 17; baseline 0 0"><span class='ocrx_word' id='word_1_1' title='bbox 903 1 931 17; x_wconf 44' lang='lat' dir='ltr'><strong>xx</strong></span> 
     </span>
     <span class='ocr_line' id='line_1_2' title="bbox 938 26 985 65; baseline 0 0"><span class='ocrx_word' id='word_1_2' title='bbox 938 26 985 65; x_wconf 34' lang='lat' dir='ltr'><strong>§VN</strong></span> 
     </span>
     <span class='ocr_line' id='line_1_3' title="bbox 944 64 955 82; baseline 0 0"><span class='ocrx_word' id='word_1_3' title='bbox 944 64 955 82; x_wconf 58' lang='lat' dir='ltr'>x</span> 
     </span>
    </p>
   </div>
   <div class='ocr_carea' id='block_1_2' title="bbox 92 151 1031 284">
    <p class='ocr_par' dir='ltr' id='par_1_2' title="bbox 92 151 1031 284">
     <span class='ocr_line' id='line_1_4' title="bbox 92 151 1031 284; baseline -0.005 -13"><span class='ocrx_word' id='word_1_4' title='bbox 92 239 97 249; x_wconf 86' lang='lat'><strong>·</strong></span> <span class='ocrx_word' id='word_1_5' title='bbox 159 207 222 273; x_wconf 80' lang='lat' dir='ltr'><strong>nr</strong></span> <span class='ocrx_word' id='word_1_6' title='bbox 247 202 507 273; x_wconf 79' lang='lat' dir='ltr'><strong>annotans</strong></span> <span class='ocrx_word' id='word_1_7' title='bbox 538 203 906 284; x_wconf 65' lang='lat' dir='ltr'><strong>coartatam</strong></span> <span class='ocrx_word' id='word_1_8' title='bbox 972 151 981 165; x_wconf 60' lang='grc'><em>’</em></span> <span class='ocrx_word' id='word_1_9' title='bbox 1026 164 1031 171; x_wconf 70' lang='grc'><strong>’</strong></span> 
     </span>
    </p>
   </div>
   <div class='ocr_carea' id='block_1_3' title="bbox 6 304 990 956">
    <p class='ocr_par' dir='ltr' id='par_1_3' title="bbox 6 304 906 514">
     <span class='ocr_line' id='line_1_5' title="bbox 6 304 904 420; baseline -0.009 -59"><span class='ocrx_word' id='word_1_10' title='bbox 6 348 7 353; x_wconf 66' lang='lat'><strong>,</strong></span> <span class='ocrx_word' id='word_1_11' title='bbox 32 309 166 379; x_wconf 73' lang='lat' dir='ltr'><strong>tegendos</strong></span> <span class='ocrx_word' id='word_1_12' title='bbox 180 311 351 378; x_wconf 84' lang='lat' dir='ltr'><strong>permitteret.</strong></span> <span class='ocrx_word' id='word_1_13' title='bbox 366 309 430 359; x_wconf 89' lang='lat' dir='ltr'><strong>Non</strong></span> <span class='ocrx_word' id='word_1_14' title='bbox 441 308 486 358; x_wconf 85' lang='lat' dir='ltr'><strong>diu</strong></span> <span class='ocrx_word' id='word_1_15' title='bbox 497 306 664 420; x_wconf 70' lang='lat' dir='ltr'><strong>transpuillum</strong></span> <span class='ocrx_word' id='word_1_16' title='bbox 802 304 904 356; x_wconf 84' lang='lat' dir='ltr'><strong>habuit.</strong></span> 
     </span>
     <span class='ocr_line' id='line_1_6' title="bbox 34 371 905 437; baseline -0.007 -12"><span class='ocrx_word' id='word_1_17' title='bbox 34 375 131 425; x_wconf 79' lang='lat' dir='ltr'><strong>Tellus</strong></span> <span class='ocrx_word' id='word_1_18' title='bbox 139 376 211 424; x_wconf 87' lang='lat' dir='ltr'><strong>enim</strong></span> <span class='ocrx_word' id='word_1_19' title='bbox 223 409 231 436; x_wconf 91' lang='lat'><strong>,</strong></span> <span class='ocrx_word' id='word_1_20' title='bbox 247 375 338 423; x_wconf 86' lang='lat' dir='ltr'><strong>Titani</strong></span> <span class='ocrx_word' id='word_1_21' title='bbox 348 389 430 436; x_wconf 87' lang='lat' dir='ltr'><strong>uxor,</strong></span> <span class='ocrx_word' id='word_1_22' title='bbox 442 372 560 437; x_wconf 76' lang='lat' dir='ltr'><strong>doleusli</strong></span> <span class='ocrx_word' id='word_1_23' title='bbox 571 371 610 421; x_wconf 90' lang='lat' dir='ltr'><strong>ios</strong></span> <span class='ocrx_word' id='word_1_24' title='bbox 620 386 681 420; x_wconf 86' lang='lat' dir='ltr'><strong>auos</strong></span> <span class='ocrx_word' id='word_1_25' title='bbox 717 382 801 420; x_wconf 86' lang='lat' dir='ltr'><strong>rtaaas</strong></span> <span class='ocrx_word' id='word_1_26' title='bbox 811 387 826 419; x_wconf 91' lang='lat' dir='ltr'><strong>a</strong></span> <span class='ocrx_word' id='word_1_27' title='bbox 835 371 905 420; x_wconf 84' lang='lat' dir='ltr'>Jove</span> 
     </span>
     <span class='ocr_line' id='line_1_7' title="bbox 34 432 906 514; baseline -0.008 -25"><span class='ocrx_word' id='word_1_28' title='bbox 34 438 200 498; x_wconf 84' lang='lat' dir='ltr'><strong>interfectos,</strong></span> <span class='ocrx_word' id='word_1_29' title='bbox 208 439 334 514; x_wconf 73' lang='lat' dir='ltr'><strong>Gigantes</strong></span> <span class='ocrx_word' id='word_1_30' title='bbox 341 437 496 505; x_wconf 75' lang='lat' dir='ltr'><strong>procreavit,</strong></span> <span class='ocrx_word' id='word_1_31' title='bbox 504 435 573 486; x_wconf 90' lang='lat' dir='ltr'><strong>mole</strong></span> <span class='ocrx_word' id='word_1_32' title='bbox 582 435 731 502; x_wconf 78' lang='lat' dir='ltr'><strong>viribusque</strong></span> <span class='ocrx_word' id='word_1_33' title='bbox 739 432 906 501; x_wconf 72' lang='lat' dir='ltr'><strong>spectandos,</strong></span> 
     </span>
    </p>

    <p class='ocr_par' dir='ltr' id='par_1_4' title="bbox 34 496 990 956">
     <span class='ocr_line' id='line_1_8' title="bbox 36 496 906 578; baseline -0.007 -26"><span class='ocrx_word' id='word_1_34' title='bbox 36 503 84 570; x_wconf 84' lang='lat' dir='ltr'><strong>&#39;qui</strong></span> <span class='ocrx_word' id='word_1_35' title='bbox 100 503 231 578; x_wconf 72' lang='lat' dir='ltr'><strong>congestis</strong></span> <span class='ocrx_word' id='word_1_36' title='bbox 241 518 269 551; x_wconf 90' lang='grc' dir='ltr'><strong>ιιι</strong></span> <span class='ocrx_word' id='word_1_37' title='bbox 281 501 414 551; x_wconf 88' lang='lat' dir='ltr'><strong>cumulum</strong></span> <span class='ocrx_word' id='word_1_38' title='bbox 423 500 572 562; x_wconf 86' lang='lat' dir='ltr'><strong>montibus,</strong></span> <span class='ocrx_word' id='word_1_39' title='bbox 584 499 604 550; x_wconf 82' lang='lat' dir='ltr'><strong>J</strong></span> <span class='ocrx_word' id='word_1_40' title='bbox 605 515 681 548; x_wconf 87' lang='lat' dir='ltr'><strong>ovem</strong></span> <span class='ocrx_word' id='word_1_41' title='bbox 692 498 761 548; x_wconf 88' lang='lat' dir='ltr'><strong>coelo</strong></span> <span class='ocrx_word' id='word_1_42' title='bbox 768 496 906 549; x_wconf 85' lang='lat' dir='ltr'><strong>detrudere</strong></span> 
     </span>
     <span class='ocr_line' id='line_1_9' title="bbox 37 561 906 642; baseline -0.007 -26"><span class='ocrx_word' id='word_1_43' title='bbox 37 580 156 642; x_wconf 63' lang='lat' dir='ltr'><strong>agpresst</strong></span> <span class='ocrx_word' id='word_1_44' title='bbox 175 576 243 615; x_wconf 81' lang='lat' dir='ltr'><strong>sunt.</strong></span> <span class='ocrx_word' id='word_1_45' title='bbox 266 564 445 630; x_wconf 59' lang='lat' dir='ltr'><strong>Metamorphss</strong></span> <span class='ocrx_word' id='word_1_46' title='bbox 463 563 526 614; x_wconf 87' lang='lat' dir='ltr'><strong><em>Lib.</em></strong></span> <span class='ocrx_word' id='word_1_47' title='bbox 550 581 561 612; x_wconf 92' lang='grc' dir='ltr'>ι</span> <span class='ocrx_word' id='word_1_48' title='bbox 579 574 607 613; x_wconf 86' lang='lat' dir='ltr'><strong>et</strong></span> <span class='ocrx_word' id='word_1_49' title='bbox 625 567 663 626; x_wconf 75' lang='lat'><strong>14.</strong></span> <span class='ocrx_word' id='word_1_50' title='bbox 682 562 736 613; x_wconf 80' lang='lat' dir='ltr'><strong>sed</strong></span> <span class='ocrx_word' id='word_1_51' title='bbox 752 561 906 615; x_wconf 70' lang='lat' dir='ltr'><strong>fulminibus</strong></span> 
     </span>
     <span class='ocr_line' id='line_1_10' title="bbox 36 622 908 705; baseline -0.002 -26"><span class='ocrx_word' id='word_1_52' title='bbox 36 630 134 696; x_wconf 55' lang='lat' dir='ltr'><strong>delecti</strong></span> <span class='ocrx_word' id='word_1_53' title='bbox 147 640 190 705; x_wconf 79' lang='lat' dir='ltr'><strong>,et</strong></span> <span class='ocrx_word' id='word_1_54' title='bbox 200 628 254 678; x_wconf 88' lang='lat' dir='ltr'><strong>auis</strong></span> <span class='ocrx_word' id='word_1_55' title='bbox 263 628 352 677; x_wconf 81' lang='lat' dir='ltr'>obtriti</span> <span class='ocrx_word' id='word_1_56' title='bbox 361 627 493 677; x_wconf 87' lang='lat' dir='ltr'><strong>montibus</strong></span> <span class='ocrx_word' id='word_1_57' title='bbox 505 661 512 690; x_wconf 92' lang='lat'><strong>,</strong></span> <span class='ocrx_word' id='word_1_58' title='bbox 523 641 615 693; x_wconf 82' lang='lat' dir='ltr'><strong>poenas</strong></span> <span class='ocrx_word' id='word_1_59' title='bbox 625 628 644 677; x_wconf 86' lang='lat' dir='ltr'><strong>J</strong></span> <span class='ocrx_word' id='word_1_60' title='bbox 645 626 689 676; x_wconf 83' lang='lat' dir='ltr'><strong>ovi</strong></span> <span class='ocrx_word' id='word_1_61' title='bbox 697 622 802 676; x_wconf 73' lang='lat' dir='ltr'><strong>dedere.</strong></span> <span class='ocrx_word' id='word_1_62' title='bbox 809 623 908 680; x_wconf 78' lang='lat' dir='ltr'><strong>Vocati</strong></span> 
     </span>
     <span class='ocr_line' id='line_1_11' title="bbox 34 690 908 758; baseline -0.008 -14"><span class='ocrx_word' id='word_1_63' title='bbox 34 693 72 744; x_wconf 85' lang='lat' dir='ltr'><strong>ab</strong></span> <span class='ocrx_word' id='word_1_64' title='bbox 87 693 135 743; x_wconf 89' lang='lat' dir='ltr'><strong>illo</strong></span> <span class='ocrx_word' id='word_1_65' title='bbox 149 710 177 742; x_wconf 88' lang='grc' dir='ltr'><strong>ιιι</strong></span> <span class='ocrx_word' id='word_1_66' title='bbox 193 691 257 742; x_wconf 85' lang='lat' dir='ltr'><strong>belli</strong></span> <span class='ocrx_word' id='word_1_67' title='bbox 271 703 298 741; x_wconf 86' lang='lat' dir='ltr'><strong>et</strong></span> <span class='ocrx_word' id='word_1_68' title='bbox 316 691 426 758; x_wconf 90' lang='lat' dir='ltr'><strong>periculi</strong></span> <span class='ocrx_word' id='word_1_69' title='bbox 440 702 550 758; x_wconf 83' lang='lat' dir='ltr'><strong>partem.</strong></span> <span class='ocrx_word' id='word_1_70' title='bbox 566 690 633 753; x_wconf 86' lang='lat' dir='ltr'><strong>Dii,</strong></span> <span class='ocrx_word' id='word_1_71' title='bbox 653 691 719 740; x_wconf 69' lang='lat' dir='ltr'><strong>cirm‘</strong></span> <span class='ocrx_word' id='word_1_72' title='bbox 733 706 762 739; x_wconf 89' lang='lat' dir='ltr'><strong>se</strong></span> <span class='ocrx_word' id='word_1_73' title='bbox 780 690 908 757; x_wconf 79' lang='lat' dir='ltr'><strong>imparem</strong></span> 
     </span>
     <span class='ocr_line' id='line_1_12' title="bbox 36 752 990 829; baseline -0.004 -24"><span class='ocrx_word' id='word_1_74' title='bbox 36 774 119 806; x_wconf 91' lang='lat' dir='ltr'><strong>unum</strong></span> <span class='ocrx_word' id='word_1_75' title='bbox 138 766 178 805; x_wconf 92' lang='lat' dir='ltr'><strong>tot</strong></span> <span class='ocrx_word' id='word_1_76' title='bbox 189 756 308 805; x_wconf 79' lang='lat' dir='ltr'>hostibus</span> <span class='ocrx_word' id='word_1_77' title='bbox 322 753 456 818; x_wconf 84' lang='lat' dir='ltr'><strong>crederet,</strong></span> <span class='ocrx_word' id='word_1_78' title='bbox 475 754 513 804; x_wconf 90' lang='lat' dir='ltr'><strong>sic</strong></span> <span class='ocrx_word' id='word_1_79' title='bbox 527 752 672 821; x_wconf 74' lang='lat' dir='ltr'><strong>Gigantum</strong></span> <span class='ocrx_word' id='word_1_80' title='bbox 689 764 831 829; x_wconf 88' lang='lat' dir='ltr'><strong>conspectu</strong></span> <span class='ocrx_word' id='word_1_81' title='bbox 847 768 906 820; x_wconf 88' lang='lat' dir='ltr'><strong>per·</strong></span> <span class='ocrx_word' id='word_1_82' title='bbox 934 806 936 810; x_wconf 56' lang='grc'><em>,</em></span> <span class='ocrx_word' id='word_1_83' title='bbox 987 764 990 768; x_wconf 72' lang='grc'><strong>’</strong></span> 
     </span>
     <span class='ocr_line' id='line_1_13' title="bbox 35 816 907 892; baseline -0.006 -22"><span class='ocrx_word' id='word_1_84' title='bbox 35 819 170 870; x_wconf 77' lang='lat' dir='ltr'><strong>terrefacti</strong></span> <span class='ocrx_word' id='word_1_85' title='bbox 183 830 256 880; x_wconf 75' lang='lat' dir='ltr'><strong>sunt,</strong></span> <span class='ocrx_word' id='word_1_86' title='bbox 270 830 298 868; x_wconf 91' lang='lat' dir='ltr'><strong>ut</strong></span> <span class='ocrx_word' id='word_1_87' title='bbox 308 834 399 871; x_wconf 84' lang='lat' dir='ltr'><strong>omnes</strong></span> <span class='ocrx_word' id='word_1_88' title='bbox 407 819 435 868; x_wconf 88' lang='lat' dir='ltr'><strong>in</strong></span> <span class='ocrx_word' id='word_1_89' title='bbox 446 818 598 892; x_wconf 73' lang='lat' dir='ltr'><strong>AEgyptum</strong></span> <span class='ocrx_word' id='word_1_90' title='bbox 609 816 742 886; x_wconf 74' lang='lat' dir='ltr'><strong>fugerint,</strong></span> <span class='ocrx_word' id='word_1_91' title='bbox 759 819 800 873; x_wconf 72' lang='lat' dir='ltr'><strong>tbi,</strong></span> <span class='ocrx_word' id='word_1_92' title='bbox 815 832 848 866; x_wconf 88' lang='lat' dir='ltr'><strong>ue</strong></span> <span class='ocrx_word' id='word_1_93' title='bbox 858 816 907 865; x_wconf 82' lang='lat' dir='ltr'><strong>suls</strong></span> 
     </span>
     <span class='ocr_line' id='line_1_14' title="bbox 34 834 908 956; baseline -0.009 -19"><span class='ocrx_word' id='word_1_94' title='bbox 34 884 116 937; x_wconf 79' lang='lat' dir='ltr'><strong>variis</strong></span> <span class='ocrx_word' id='word_1_95' title='bbox 128 883 298 933; x_wconf 84' lang='lat' dir='ltr'><strong>animantium</strong></span> <span class='ocrx_word' id='word_1_96' title='bbox 308 882 398 932; x_wconf 88' lang='lat' dir='ltr'><strong>formis</strong></span> <span class='ocrx_word' id='word_1_97' title='bbox 407 881 537 931; x_wconf 75' lang='lat' dir='ltr'><strong>latuerunt.</strong></span> <span class='ocrx_word' id='word_1_98' title='bbox 546 882 723 956; x_wconf 70' lang='lat' dir='ltr'><strong>metamorph.</strong></span> <span class='ocrx_word' id='word_1_99' title='bbox 731 834 826 931; x_wconf 62' lang='lat' dir='ltr'><strong>Litai.</strong></span> <span class='ocrx_word' id='word_1_100' title='bbox 834 880 908 929; x_wconf 90' lang='lat' dir='ltr'><strong>Hinc</strong></span> 
     </span>
    </p>
   </div>
   <div class='ocr_carea' id='block_1_4' title="bbox 23 944 909 1376">
    <p class='ocr_par' dir='ltr' id='par_1_5' title="bbox 23 944 909 1376">
     <span class='ocr_line' id='line_1_15' title="bbox 34 944 908 1013; baseline -0.005 -16"><span class='ocrx_word' id='word_1_101' title='bbox 34 946 136 997; x_wconf 82' lang='lat' dir='ltr'><strong>factum</strong></span> <span class='ocrx_word' id='word_1_102' title='bbox 144 957 174 996; x_wconf 91' lang='lat' dir='ltr'><strong>ut</strong></span> <span class='ocrx_word' id='word_1_103' title='bbox 185 945 285 996; x_wconf 82' lang='lat' dir='ltr'><strong>belluas</strong></span> <span class='ocrx_word' id='word_1_104' title='bbox 294 945 423 1013; x_wconf 70' lang='lat' dir='ltr'><strong>Aegyptii</strong></span> <span class='ocrx_word' id='word_1_105' title='bbox 432 944 548 996; x_wconf 87' lang='lat' dir='ltr'><strong>colerent</strong></span> <span class='ocrx_word' id='word_1_106' title='bbox 558 960 606 1011; x_wconf 88' lang='lat' dir='ltr'><strong>pro</strong></span> <span class='ocrx_word' id='word_1_107' title='bbox 618 945 778 995; x_wconf 77' lang='lat' dir='ltr'><strong>nummibus.</strong></span> <span class='ocrx_word' id='word_1_108' title='bbox 791 945 908 994; x_wconf 83' lang='lat' dir='ltr'><strong>Bacchus</strong></span> 
     </span>
     <span class='ocr_line' id='line_1_16' title="bbox 23 1006 909 1078; baseline -0.005 -18"><span class='ocrx_word' id='word_1_109' title='bbox 23 1022 127 1060; x_wconf 81' lang='lat' dir='ltr'><strong>tamen</strong></span> <span class='ocrx_word' id='word_1_110' title='bbox 136 1011 222 1078; x_wconf 81' lang='lat' dir='ltr'><strong>specie</strong></span> <span class='ocrx_word' id='word_1_111' title='bbox 232 1009 316 1061; x_wconf 86' lang='lat' dir='ltr'><strong>leonis</strong></span> <span class='ocrx_word' id='word_1_112' title='bbox 327 1009 442 1073; x_wconf 87' lang='lat' dir='ltr'><strong>indutus,</strong></span> <span class='ocrx_word' id='word_1_113' title='bbox 450 1023 506 1058; x_wconf 85' lang='lat' dir='ltr'><strong>rem</strong></span> <span class='ocrx_word' id='word_1_114' title='bbox 513 1006 617 1058; x_wconf 77' lang='lat' dir='ltr'><strong>strenue</strong></span> <span class='ocrx_word' id='word_1_115' title='bbox 626 1007 661 1057; x_wconf 88' lang='lat' dir='ltr'><strong>ali</strong></span> <span class='ocrx_word' id='word_1_116' title='bbox 679 1007 811 1075; x_wconf 79' lang='lat' dir='ltr'><strong>uentisper</strong></span> <span class='ocrx_word' id='word_1_117' title='bbox 818 1008 909 1075; x_wconf 85' lang='lat' dir='ltr'><strong>gessit,</strong></span> 
     </span>
     <span class='ocr_line' id='line_1_17' title="bbox 36 1025 906 1138; baseline -0.003 -14"><span class='ocrx_word' id='word_1_118' title='bbox 36 1075 161 1124; x_wconf 78' lang='lat' dir='ltr'>hortante</span> <span class='ocrx_word' id='word_1_119' title='bbox 174 1071 259 1137; x_wconf 83' lang='lat' dir='ltr'><strong>Jove,</strong></span> <span class='ocrx_word' id='word_1_120' title='bbox 275 1084 302 1123; x_wconf 91' lang='lat' dir='ltr'><strong>et</strong></span> <span class='ocrx_word' id='word_1_121' title='bbox 310 1072 419 1136; x_wconf 86' lang='lat' dir='ltr'><strong>Evolre,</strong></span> <span class='ocrx_word' id='word_1_122' title='bbox 437 1072 532 1136; x_wconf 85' lang='lat' dir='ltr'><strong>idest,</strong></span> <span class='ocrx_word' id='word_1_123' title='bbox 551 1072 628 1136; x_wconf 80' lang='lat' dir='ltr'><strong>Euge</strong></span> <span class='ocrx_word' id='word_1_124' title='bbox 638 1025 686 1137; x_wconf 58' lang='lat' dir='ltr'><strong>fiii</strong></span> <span class='ocrx_word' id='word_1_125' title='bbox 692 1105 703 1132; x_wconf 86' lang='lat'><em>‚</em></span> <span class='ocrx_word' id='word_1_126' title='bbox 717 1072 906 1138; x_wconf 77' lang='lat' dir='ltr'><strong>ingeminante.</strong></span> 
     </span>
     <span class='ocr_line' id='line_1_18' title="bbox 36 1133 908 1212; baseline -0.008 -21"><span class='ocrx_word' id='word_1_127' title='bbox 36 1138 144 1205; x_wconf 83' lang='lat' dir='ltr'><strong>Jupiter</strong></span> <span class='ocrx_word' id='word_1_128' title='bbox 155 1148 276 1206; x_wconf 86' lang='lat' dir='ltr'><strong>pacatum</strong></span> <span class='ocrx_word' id='word_1_129' title='bbox 287 1135 396 1212; x_wconf 85' lang='lat' dir='ltr'><strong>adeptus</strong></span> <span class='ocrx_word' id='word_1_130' title='bbox 410 1153 538 1204; x_wconf 83' lang='lat' dir='ltr'><strong>regnum,</strong></span> <span class='ocrx_word' id='word_1_131' title='bbox 553 1151 640 1189; x_wconf 71' lang='lat' dir='ltr'><strong>curram</strong></span> <span class='ocrx_word' id='word_1_132' title='bbox 650 1133 685 1187; x_wconf 86' lang='lat' dir='ltr'><strong>ad</strong></span> <span class='ocrx_word' id='word_1_133' title='bbox 699 1135 850 1186; x_wconf 83' lang='lat' dir='ltr'><strong>i&#39;trrrnandos</strong></span> <span class='ocrx_word' id='word_1_134' title='bbox 861 1134 908 1184; x_wconf 70' lang='lat' dir='ltr'><strong>hs</strong></span> 
     </span>
     <span class='ocr_line' id='line_1_19' title="bbox 36 1198 909 1266; baseline -0.003 -14"><span class='ocrx_word' id='word_1_135' title='bbox 36 1202 123 1252; x_wconf 86' lang='lat' dir='ltr'><strong>mines</strong></span> <span class='ocrx_word' id='word_1_136' title='bbox 134 1201 253 1252; x_wconf 90' lang='lat' dir='ltr'><strong>contulit.</strong></span> <span class='ocrx_word' id='word_1_137' title='bbox 261 1203 329 1251; x_wconf 88' lang='lat' dir='ltr'><strong>Eum</strong></span> <span class='ocrx_word' id='word_1_138' title='bbox 340 1199 633 1264; x_wconf 71' lang='lat' dir='ltr'><strong>rmitatusPrometheus</strong></span> <span class='ocrx_word' id='word_1_139' title='bbox 642 1198 717 1248; x_wconf 82' lang='lat' dir='ltr'><strong>linxit</strong></span> <span class='ocrx_word' id='word_1_140' title='bbox 727 1209 824 1248; x_wconf 87' lang='lat' dir='ltr'><strong>statuas</strong></span> <span class='ocrx_word' id='word_1_141' title='bbox 834 1215 909 1266; x_wconf 77' lang='lat' dir='ltr'><strong>quat·</strong></span> 
     </span>
     <span class='ocr_line' id='line_1_20' title="bbox 36 1260 908 1376; baseline -0.002 -61"><span class='ocrx_word' id='word_1_142' title='bbox 36 1265 102 1316; x_wconf 86' lang='lat' dir='ltr'><strong>dum</strong></span> <span class='ocrx_word' id='word_1_143' title='bbox 114 1266 252 1315; x_wconf 74' lang='lat' dir='ltr'><strong>hominum</strong></span> <span class='ocrx_word' id='word_1_144' title='bbox 259 1282 292 1315; x_wconf 83' lang='lat' dir='ltr'><strong>ex</strong></span> <span class='ocrx_word' id='word_1_145' title='bbox 302 1264 410 1376; x_wconf 45' lang='lat' dir='ltr'><strong>arima,</strong></span> <span class='ocrx_word' id='word_1_146' title='bbox 422 1263 532 1331; x_wconf 72' lang='lat' dir='ltr'><strong>illasque</strong></span> <span class='ocrx_word' id='word_1_147' title='bbox 541 1297 549 1326; x_wconf 88' lang='lat'><strong>,</strong></span> <span class='ocrx_word' id='word_1_148' title='bbox 557 1273 655 1330; x_wconf 89' lang='lat' dir='ltr'><strong>raptoe</strong></span> <span class='ocrx_word' id='word_1_149' title='bbox 666 1260 908 1375; x_wconf 52' lang='lat' dir='ltr'><strong>cmru‘Solisigueg</strong></span> 
     </span>
    </p>
   </div>
   <div class='ocr_carea' id='block_1_5' title="bbox 6 1317 955 3315">
    <p class='ocr_par' dir='ltr' id='par_1_6' title="bbox 37 1317 891 1395">
     <span class='ocr_line' id='line_1_21' title="bbox 37 1317 891 1395; baseline -0.005 -16"><span class='ocrx_word' id='word_1_150' title='bbox 37 1329 173 1380; x_wconf 87' lang='lat' dir='ltr'><strong>animavit.</strong></span> <span class='ocrx_word' id='word_1_151' title='bbox 180 1317 331 1395; x_wconf 66' lang='lat' dir='ltr'><strong>Metumotpi</strong></span> <span class='ocrx_word' id='word_1_152' title='bbox 352 1329 420 1378; x_wconf 85' lang='lat' dir='ltr'><strong>.Lib</strong></span> <span class='ocrx_word' id='word_1_153' title='bbox 430 1325 609 1379; x_wconf 84' lang='lat' dir='ltr'><strong>1.Promethei</strong></span> <span class='ocrx_word' id='word_1_154' title='bbox 616 1327 788 1376; x_wconf 78' lang='lat' dir='ltr'><strong>temeritatem</strong></span> <span class='ocrx_word' id='word_1_155' title='bbox 798 1331 891 1394; x_wconf 78' lang='lat' dir='ltr'><strong>rudrgu</strong></span> 
     </span>
    </p>

    <p class='ocr_par' dir='ltr' id='par_1_7' title="bbox 6 1386 955 2416">
     <span class='ocr_line' id='line_1_22' title="bbox 6 1386 909 1461; baseline -0.003 -19"><span class='ocrx_word' id='word_1_156' title='bbox 6 1386 9 1401; x_wconf 83' lang='lat'>&#39;</span> <span class='ocrx_word' id='word_1_157' title='bbox 36 1392 126 1453; x_wconf 81' lang='lat' dir='ltr'><strong>ferens</strong></span> <span class='ocrx_word' id='word_1_158' title='bbox 136 1395 154 1444; x_wconf 91' lang='lat' dir='ltr'><strong>J</strong></span> <span class='ocrx_word' id='word_1_159' title='bbox 157 1411 171 1442; x_wconf 92' lang='lat' dir='ltr'><strong>u</strong></span> <span class='ocrx_word' id='word_1_160' title='bbox 192 1394 241 1444; x_wconf 90' lang='lat' dir='ltr'><strong>iter</strong></span> <span class='ocrx_word' id='word_1_161' title='bbox 256 1394 391 1461; x_wconf 75' lang='lat' dir='ltr'><strong>negotium</strong></span> <span class='ocrx_word' id='word_1_162' title='bbox 400 1390 522 1444; x_wconf 78' lang='lat' dir='ltr'><strong>Vulcano</strong></span> <span class='ocrx_word' id='word_1_163' title='bbox 538 1389 626 1455; x_wconf 84' lang='lat' dir='ltr'><strong>dedit,</strong></span> <span class='ocrx_word' id='word_1_164' title='bbox 645 1401 674 1439; x_wconf 92' lang='lat' dir='ltr'><strong>ut</strong></span> <span class='ocrx_word' id='word_1_165' title='bbox 683 1406 743 1443; x_wconf 82' lang='lat' dir='ltr'><strong>eum</strong></span> <span class='ocrx_word' id='word_1_166' title='bbox 753 1388 781 1438; x_wconf 91' lang='lat' dir='ltr'><strong>in</strong></span> <span class='ocrx_word' id='word_1_167' title='bbox 791 1389 909 1447; x_wconf 81' lang='lat' dir='ltr'><strong>Caucaso</strong></span> 
     </span>
     <span class='ocr_line' id='line_1_23' title="bbox 38 1410 909 1532; baseline -0.003 -26"><span class='ocrx_word' id='word_1_168' title='bbox 38 1468 130 1507; x_wconf 89' lang='lat' dir='ltr'><strong>monte</strong></span> <span class='ocrx_word' id='word_1_169' title='bbox 141 1410 264 1532; x_wconf 64' lang='lat' dir='ltr'><strong>religaret</strong></span> <span class='ocrx_word' id='word_1_170' title='bbox 277 1474 284 1506; x_wconf 75' lang='grc' dir='ltr'>ι</span> <span class='ocrx_word' id='word_1_171' title='bbox 297 1455 398 1507; x_wconf 83' lang='lat' dir='ltr'><strong>addidit</strong></span> <span class='ocrx_word' id='word_1_172' title='bbox 406 1455 554 1517; x_wconf 80' lang='lat' dir='ltr'><strong>vulturem,</strong></span> <span class='ocrx_word' id='word_1_173' title='bbox 588 1454 615 1503; x_wconf 91' lang='lat' dir='ltr'><strong>ui</strong></span> <span class='ocrx_word' id='word_1_174' title='bbox 625 1453 739 1513; x_wconf 73' lang='lat' dir='ltr'><strong>laniaret</strong></span> <span class='ocrx_word' id='word_1_175' title='bbox 747 1453 863 1515; x_wconf 81' lang='lat' dir='ltr'><strong>viscera,</strong></span> <span class='ocrx_word' id='word_1_176' title='bbox 877 1455 909 1509; x_wconf 77' lang='lat' dir='ltr'><strong>ia</strong></span> 
     </span>
     <span class='ocr_line' id='line_1_24' title="bbox 37 1515 909 1587; baseline -0.003 -17"><span class='ocrx_word' id='word_1_177' title='bbox 37 1536 123 1570; x_wconf 82' lang='lat' dir='ltr'><strong>novos</strong></span> <span class='ocrx_word' id='word_1_178' title='bbox 134 1533 262 1572; x_wconf 80' lang='lat' dir='ltr'><strong>eructatus</strong></span> <span class='ocrx_word' id='word_1_179' title='bbox 271 1536 375 1587; x_wconf 88' lang='lat' dir='ltr'><strong>semper</strong></span> <span class='ocrx_word' id='word_1_180' title='bbox 384 1520 553 1583; x_wconf 73' lang='lat' dir='ltr'><strong>tenapoentia.</strong></span> <span class='ocrx_word' id='word_1_181' title='bbox 597 1515 909 1585; x_wconf 73' lang='lat' dir='ltr'><strong>veritatemrovisiniqut</strong></span> 
     </span>
     <span class='ocr_line' id='line_1_25' title="bbox 35 1579 909 1646; baseline 0 -14"><span class='ocrx_word' id='word_1_182' title='bbox 35 1583 154 1634; x_wconf 73' lang='lat' dir='ltr'><strong>tulerunt</strong></span> <span class='ocrx_word' id='word_1_183' title='bbox 162 1586 240 1635; x_wconf 82' lang='lat' dir='ltr'><strong>ceteri</strong></span> <span class='ocrx_word' id='word_1_184' title='bbox 249 1584 295 1633; x_wconf 89' lang='lat' dir='ltr'><strong>Dii</strong></span> <span class='ocrx_word' id='word_1_185' title='bbox 304 1617 312 1646; x_wconf 91' lang='lat'><strong>,</strong></span> <span class='ocrx_word' id='word_1_186' title='bbox 322 1600 353 1632; x_wconf 87' lang='lat' dir='ltr'><strong>ac</strong></span> <span class='ocrx_word' id='word_1_187' title='bbox 364 1581 504 1631; x_wconf 88' lang='lat' dir='ltr'><strong>doluerunt</strong></span> <span class='ocrx_word' id='word_1_188' title='bbox 533 1579 587 1629; x_wconf 76' lang='lat' dir='ltr'><strong>uod</strong></span> <span class='ocrx_word' id='word_1_189' title='bbox 599 1581 703 1629; x_wconf 90' lang='lat' dir='ltr'><strong>sibiuni</strong></span> <span class='ocrx_word' id='word_1_190' title='bbox 712 1580 909 1633; x_wconf 84' lang='lat' dir='ltr'><strong>formandorum</strong></span> 
     </span>
     <span class='ocr_line' id='line_1_26' title="bbox 37 1599 908 1713; baseline -0.002 -16"><span class='ocrx_word' id='word_1_191' title='bbox 37 1647 177 1697; x_wconf 88' lang='lat' dir='ltr'><strong>hominum</strong></span> <span class='ocrx_word' id='word_1_192' title='bbox 192 1651 231 1713; x_wconf 84' lang='lat' dir='ltr'><strong>jus</strong></span> <span class='ocrx_word' id='word_1_193' title='bbox 242 1655 383 1713; x_wconf 86' lang='lat' dir='ltr'><strong>arrogaret.</strong></span> <span class='ocrx_word' id='word_1_194' title='bbox 393 1642 480 1709; x_wconf 84' lang='lat' dir='ltr'><strong>Quare</strong></span> <span class='ocrx_word' id='word_1_195' title='bbox 491 1599 591 1694; x_wconf 69' lang='lat' dir='ltr'><strong>collam</strong></span> <span class='ocrx_word' id='word_1_196' title='bbox 601 1642 693 1695; x_wconf 89' lang='lat' dir='ltr'><strong>studiis</strong></span> <span class='ocrx_word' id='word_1_197' title='bbox 704 1655 731 1693; x_wconf 89' lang='lat' dir='ltr'><strong>et</strong></span> <span class='ocrx_word' id='word_1_198' title='bbox 740 1644 908 1709; x_wconf 85' lang='lat' dir='ltr'><strong>muneribus,</strong></span> 
     </span>
     <span class='ocr_line' id='line_1_27' title="bbox 38 1706 955 1776; baseline -0.001 -16"><span class='ocrx_word' id='word_1_199' title='bbox 38 1711 176 1760; x_wconf 86' lang='lat' dir='ltr'><strong>mulierem</strong></span> <span class='ocrx_word' id='word_1_200' title='bbox 184 1709 310 1765; x_wconf 83' lang='lat' dir='ltr'><strong>effinxere</strong></span> <span class='ocrx_word' id='word_1_201' title='bbox 345 1724 423 1775; x_wconf 82' lang='lat' dir='ltr'><strong>quum</strong></span> <span class='ocrx_word' id='word_1_202' title='bbox 437 1707 608 1759; x_wconf 85' lang='lat' dir='ltr'><strong>Pandorama</strong></span> <span class='ocrx_word' id='word_1_203' title='bbox 646 1706 775 1772; x_wconf 88' lang='lat' dir='ltr'><strong>ellarunt,</strong></span> <span class='ocrx_word' id='word_1_204' title='bbox 789 1709 863 1776; x_wconf 88' lang='lat' dir='ltr'><strong>quasi</strong></span> <span class='ocrx_word' id='word_1_205' title='bbox 877 1724 910 1760; x_wconf 76' lang='lat' dir='ltr'><strong>ex</strong></span> <span class='ocrx_word' id='word_1_206' title='bbox 952 1718 955 1723; x_wconf 77' lang='grc'><em>’</em></span> 
     </span>
     <span class='ocr_line' id='line_1_28' title="bbox 38 1724 909 1847; baseline -0.006 -22"><span class='ocrx_word' id='word_1_207' title='bbox 38 1776 158 1825; x_wconf 87' lang='lat' dir='ltr'><strong>omnium</strong></span> <span class='ocrx_word' id='word_1_208' title='bbox 167 1773 244 1823; x_wconf 81' lang='lat' dir='ltr'><strong>(lonis</strong></span> <span class='ocrx_word' id='word_1_209' title='bbox 256 1742 404 1823; x_wconf 75' lang='lat' dir='ltr'><strong>sontiatum.</strong></span> <span class='ocrx_word' id='word_1_210' title='bbox 422 1773 527 1840; x_wconf 86' lang='lat' dir='ltr'><strong>Jupiter</strong></span> <span class='ocrx_word' id='word_1_211' title='bbox 541 1724 664 1839; x_wconf 63' lang='lat' dir='ltr'><strong>superpllin</strong></span> <span class='ocrx_word' id='word_1_212' title='bbox 683 1774 857 1847; x_wconf 72' lang='lat' dir='ltr'><strong>arrogputiam</strong></span> <span class='ocrx_word' id='word_1_213' title='bbox 868 1772 909 1823; x_wconf 89' lang='lat' dir='ltr'><strong>ul·</strong></span> 
     </span>
     <span class='ocr_line' id='line_1_29' title="bbox 36 1834 875 1904; baseline -0.004 -17"><span class='ocrx_word' id='word_1_214' title='bbox 36 1850 127 1903; x_wconf 85' lang='lat' dir='ltr'><strong>turus,</strong></span> <span class='ocrx_word' id='word_1_215' title='bbox 139 1836 179 1887; x_wconf 90' lang='lat' dir='ltr'><strong>illi</strong></span> <span class='ocrx_word' id='word_1_216' title='bbox 193 1835 326 1904; x_wconf 75' lang='lat' dir='ltr'><strong>capsulam</strong></span> <span class='ocrx_word' id='word_1_217' title='bbox 341 1835 434 1901; x_wconf 80' lang='lat' dir='ltr'><strong>dedit,</strong></span> <span class='ocrx_word' id='word_1_218' title='bbox 448 1834 539 1885; x_wconf 82' lang='lat' dir='ltr'><strong>iulelix</strong></span> <span class='ocrx_word' id='word_1_219' title='bbox 557 1851 668 1895; x_wconf 87' lang='lat' dir='ltr'><strong>munus;</strong></span> <span class='ocrx_word' id='word_1_220' title='bbox 693 1834 722 1884; x_wconf 89' lang='lat' dir='ltr'><strong>in</strong></span> <span class='ocrx_word' id='word_1_221' title='bbox 738 1852 800 1899; x_wconf 75' lang='lat' dir='ltr'><strong>eam</strong></span> <span class='ocrx_word' id='word_1_222' title='bbox 813 1837 875 1904; x_wconf 87' lang='lat' dir='ltr'><strong>quip</strong></span> 
     </span>
     <span class='ocr_line' id='line_1_30' title="bbox 37 1897 908 1968; baseline -0.001 -16"><span class='ocrx_word' id='word_1_223' title='bbox 37 1912 164 1968; x_wconf 83' lang='lat' dir='ltr'><strong>congesta</strong></span> <span class='ocrx_word' id='word_1_224' title='bbox 174 1912 247 1951; x_wconf 85' lang='lat' dir='ltr'><strong>erant</strong></span> <span class='ocrx_word' id='word_1_225' title='bbox 259 1900 346 1950; x_wconf 88' lang='lat' dir='ltr'><strong>omnia</strong></span> <span class='ocrx_word' id='word_1_226' title='bbox 356 1910 455 1951; x_wconf 85' lang='lat' dir='ltr'><strong>naturas</strong></span> <span class='ocrx_word' id='word_1_227' title='bbox 466 1898 544 1965; x_wconf 80' lang='lat' dir='ltr'><strong>mala.</strong></span> <span class='ocrx_word' id='word_1_228' title='bbox 560 1900 638 1949; x_wconf 86' lang='lat' dir='ltr'><strong>Hanc</strong></span> <span class='ocrx_word' id='word_1_229' title='bbox 653 1897 774 1953; x_wconf 84' lang='lat' dir='ltr'><strong>Pandora</strong></span> <span class='ocrx_word' id='word_1_230' title='bbox 787 1900 846 1950; x_wconf 75' lang='lat' dir='ltr'><strong>crim</strong></span> <span class='ocrx_word' id='word_1_231' title='bbox 879 1914 908 1951; x_wconf 85' lang='lat' dir='ltr'><strong>e·</strong></span> 
     </span>
     <span class='ocr_line' id='line_1_31' title="bbox 37 1961 909 2032; baseline -0.001 -16"><span class='ocrx_word' id='word_1_232' title='bbox 37 1965 142 2016; x_wconf 86' lang='lat' dir='ltr'><strong>tulisset</strong></span> <span class='ocrx_word' id='word_1_233' title='bbox 160 1963 193 2015; x_wconf 90' lang='lat' dir='ltr'><strong>ad</strong></span> <span class='ocrx_word' id='word_1_234' title='bbox 211 1964 395 2030; x_wconf 87' lang='lat' dir='ltr'><strong>Epimetheum</strong></span> <span class='ocrx_word' id='word_1_235' title='bbox 407 1963 565 2022; x_wconf 86' lang='lat' dir='ltr'><strong>¹Promethei</strong></span> <span class='ocrx_word' id='word_1_236' title='bbox 583 1961 706 2024; x_wconf 79' lang='lat' dir='ltr'><strong>iratrem3</strong></span> <span class='ocrx_word' id='word_1_237' title='bbox 724 1963 763 2013; x_wconf 89' lang='lat' dir='ltr'><strong>illi</strong></span> <span class='ocrx_word' id='word_1_238' title='bbox 783 1962 909 2032; x_wconf 84' lang='lat' dir='ltr'><strong>impulsus</strong></span> 
     </span>
     <span class='ocr_line' id='line_1_32' title="bbox 39 2026 909 2102; baseline 0.002 -24"><span class='ocrx_word' id='word_1_239' title='bbox 39 2029 190 2079; x_wconf 84' lang='lat' dir='ltr'><strong>curiositate</strong></span> <span class='ocrx_word' id='word_1_240' title='bbox 203 2032 296 2096; x_wconf 76' lang='lat' dir='ltr'><strong>praui,</strong></span> <span class='ocrx_word' id='word_1_241' title='bbox 309 2028 363 2078; x_wconf 79' lang='lat' dir='ltr'><strong>sive</strong></span> <span class='ocrx_word' id='word_1_242' title='bbox 375 2061 383 2091; x_wconf 87' lang='lat'><strong>,</strong></span> <span class='ocrx_word' id='word_1_243' title='bbox 393 2039 425 2076; x_wconf 91' lang='lat' dir='ltr'><strong>ut</strong></span> <span class='ocrx_word' id='word_1_244' title='bbox 431 2026 477 2077; x_wconf 86' lang='lat' dir='ltr'><strong>alii</strong></span> <span class='ocrx_word' id='word_1_245' title='bbox 484 2038 605 2090; x_wconf 87' lang='lat' dir='ltr'><strong>narrant,</strong></span> <span class='ocrx_word' id='word_1_246' title='bbox 616 2028 672 2102; x_wconf 86' lang='lat' dir='ltr'><strong>ejus</strong></span> <span class='ocrx_word' id='word_1_247' title='bbox 684 2042 766 2092; x_wconf 84' lang='lat' dir='ltr'><strong>uxor,</strong></span> <span class='ocrx_word' id='word_1_248' title='bbox 777 2027 909 2096; x_wconf 76' lang='lat' dir='ltr'><strong>capsulam</strong></span> 
     </span>
     <span class='ocr_line' id='line_1_33' title="bbox 39 2089 910 2160; baseline 0 -16"><span class='ocrx_word' id='word_1_249' title='bbox 39 2093 161 2159; x_wconf 70' lang='lat' dir='ltr'><strong>aperuit,</strong></span> <span class='ocrx_word' id='word_1_250' title='bbox 176 2109 251 2143; x_wconf 81' lang='lat' dir='ltr'><strong>exea</strong></span> <span class='ocrx_word' id='word_1_251' title='bbox 269 2108 302 2142; x_wconf 90' lang='lat' dir='ltr'><strong>ue</strong></span> <span class='ocrx_word' id='word_1_252' title='bbox 316 2102 402 2159; x_wconf 87' lang='lat' dir='ltr'><strong>pestes</strong></span> <span class='ocrx_word' id='word_1_253' title='bbox 415 2092 500 2141; x_wconf 86' lang='lat' dir='ltr'><strong>omnia</strong></span> <span class='ocrx_word' id='word_1_254' title='bbox 514 2091 618 2160; x_wconf 85' lang='lat' dir='ltr'><strong>generis</strong></span> <span class='ocrx_word' id='word_1_255' title='bbox 628 2107 656 2140; x_wconf 89' lang='lat' dir='ltr'><strong>m</strong></span> <span class='ocrx_word' id='word_1_256' title='bbox 673 2089 765 2143; x_wconf 88' lang='lat' dir='ltr'><strong>orbam</strong></span> <span class='ocrx_word' id='word_1_257' title='bbox 781 2105 910 2144; x_wconf 86' lang='lat' dir='ltr'><strong>terrorum</strong></span> 
     </span>
     <span class='ocr_line' id='line_1_34' title="bbox 38 2111 910 2224; baseline 0.002 -18"><span class='ocrx_word' id='word_1_258' title='bbox 38 2155 196 2220; x_wconf 83' lang='lat' dir='ltr'><strong>evolarunt,</strong></span> <span class='ocrx_word' id='word_1_259' title='bbox 217 2111 274 2207; x_wconf 59' lang='lat' dir='ltr'><strong>sod</strong></span> <span class='ocrx_word' id='word_1_260' title='bbox 289 2155 342 2224; x_wconf 86' lang='lat' dir='ltr'><strong>Spe</strong></span> <span class='ocrx_word' id='word_1_261' title='bbox 360 2155 389 2205; x_wconf 90' lang='lat' dir='ltr'><strong>iu</strong></span> <span class='ocrx_word' id='word_1_262' title='bbox 407 2153 496 2209; x_wconf 76' lang='lat' dir='ltr'><strong>fundo,</strong></span> <span class='ocrx_word' id='word_1_263' title='bbox 508 2155 622 2222; x_wconf 63' lang='lat' dir='ltr'><strong>capsulis</strong></span> <span class='ocrx_word' id='word_1_264' title='bbox 638 2153 737 2205; x_wconf 75' lang='lat' dir='ltr'><strong>relicta.</strong></span> <span class='ocrx_word' id='word_1_265' title='bbox 757 2156 829 2208; x_wconf 83' lang='lat' dir='ltr'><strong>Hinc</strong></span> <span class='ocrx_word' id='word_1_266' title='bbox 846 2169 910 2208; x_wconf 84' lang='lat' dir='ltr'><strong>astas</strong></span> 
     </span>
     <span class='ocr_line' id='line_1_35' title="bbox 37 2217 911 2277; baseline 0.002 -8"><span class='ocrx_word' id='word_1_267' title='bbox 37 2217 123 2271; x_wconf 87' lang='lat' dir='ltr'><strong>ferrea</strong></span> <span class='ocrx_word' id='word_1_268' title='bbox 141 2233 168 2271; x_wconf 90' lang='lat' dir='ltr'><strong>et</strong></span> <span class='ocrx_word' id='word_1_269' title='bbox 180 2219 306 2271; x_wconf 80' lang='lat' dir='ltr'><strong>scelerum</strong></span> <span class='ocrx_word' id='word_1_270' title='bbox 323 2218 448 2271; x_wconf 78' lang='lat' dir='ltr'><strong>colluvies</strong></span> <span class='ocrx_word' id='word_1_271' title='bbox 462 2231 525 2269; x_wconf 86' lang='lat' dir='ltr'><strong>nata</strong></span> <span class='ocrx_word' id='word_1_272' title='bbox 541 2231 590 2277; x_wconf 84' lang='lat' dir='ltr'><strong>est.</strong></span> <span class='ocrx_word' id='word_1_273' title='bbox 609 2220 705 2269; x_wconf 85' lang='lat' dir='ltr'><strong>Jovem</strong></span> <span class='ocrx_word' id='word_1_274' title='bbox 722 2233 775 2268; x_wconf 85' lang='lat' dir='ltr'><strong>non</strong></span> <span class='ocrx_word' id='word_1_275' title='bbox 787 2236 867 2270; x_wconf 89' lang='lat' dir='ltr'><strong>unum</strong></span> <span class='ocrx_word' id='word_1_276' title='bbox 880 2222 911 2271; x_wconf 84' lang='lat' dir='ltr'><strong>iu</strong></span> 
     </span>
     <span class='ocr_line' id='line_1_36' title="bbox 37 2278 910 2358; baseline 0.003 -26"><span class='ocrx_word' id='word_1_277' title='bbox 37 2283 117 2335; x_wconf 84' lang='lat' dir='ltr'><strong>Creta</strong></span> <span class='ocrx_word' id='word_1_278' title='bbox 133 2301 255 2352; x_wconf 77' lang='lat' dir='ltr'><strong>regnasse</strong></span> <span class='ocrx_word' id='word_1_279' title='bbox 271 2284 407 2334; x_wconf 85' lang='lat' dir='ltr'><strong>doctorum</strong></span> <span class='ocrx_word' id='word_1_280' title='bbox 418 2278 509 2358; x_wconf 83' lang='lat' dir='ltr'><strong>opinio</strong></span> <span class='ocrx_word' id='word_1_281' title='bbox 520 2294 560 2332; x_wconf 90' lang='lat' dir='ltr'><strong>est</strong></span> <span class='ocrx_word' id='word_1_282' title='bbox 570 2299 577 2330; x_wconf 69' lang='grc' dir='ltr'>ι</span> <span class='ocrx_word' id='word_1_283' title='bbox 589 2278 708 2331; x_wconf 82' lang='lat' dir='ltr'><strong>omnium</strong></span> <span class='ocrx_word' id='word_1_284' title='bbox 725 2280 910 2335; x_wconf 81' lang='lat' dir='ltr'><strong>celeberrimus</strong></span> 
     </span>
     <span class='ocr_line' id='line_1_37' title="bbox 38 2344 909 2416; baseline 0.001 -19"><span class='ocrx_word' id='word_1_285' title='bbox 38 2347 192 2399; x_wconf 79' lang='lat' dir='ltr'><strong>Abrahamo</strong></span> <span class='ocrx_word' id='word_1_286' title='bbox 205 2364 344 2416; x_wconf 83' lang='lat' dir='ltr'><strong>supparem</strong></span> <span class='ocrx_word' id='word_1_287' title='bbox 352 2348 481 2397; x_wconf 85' lang='lat' dir='ltr'><strong>Eusebrus</strong></span> <span class='ocrx_word' id='word_1_288' title='bbox 491 2347 562 2396; x_wconf 84' lang='lat' dir='ltr'><strong>i&#39;acit.</strong></span> <span class='ocrx_word' id='word_1_289' title='bbox 571 2346 673 2396; x_wconf 85' lang='lat' dir='ltr'><strong>Patrem</strong></span> <span class='ocrx_word' id='word_1_290' title='bbox 684 2344 805 2412; x_wconf 84' lang='lat' dir='ltr'><strong>spoliavit</strong></span> <span class='ocrx_word' id='word_1_291' title='bbox 811 2364 909 2416; x_wconf 81' lang='lat' dir='ltr'><strong>regno,</strong></span> 
     </span>
    </p>

    <p class='ocr_par' dir='ltr' id='par_1_8' title="bbox 39 2409 911 2476">
     <span class='ocr_line' id='line_1_38' title="bbox 39 2409 911 2476; baseline 0.005 -18"><span class='ocrx_word' id='word_1_292' title='bbox 39 2409 111 2476; x_wconf 87' lang='lat' dir='ltr'><strong>quod</strong></span> <span class='ocrx_word' id='word_1_293' title='bbox 123 2412 160 2460; x_wconf 85' lang='lat' dir='ltr'><strong>its</strong></span> <span class='ocrx_word' id='word_1_294' title='bbox 169 2428 230 2460; x_wconf 88' lang='lat' dir='ltr'><strong>cum</strong></span> <span class='ocrx_word' id='word_1_295' title='bbox 241 2412 294 2461; x_wconf 85' lang='lat' dir='ltr'><strong>suis</strong></span> <span class='ocrx_word' id='word_1_296' title='bbox 305 2409 426 2460; x_wconf 84' lang='lat' dir='ltr'><strong>iratribus</strong></span> <span class='ocrx_word' id='word_1_297' title='bbox 439 2411 483 2461; x_wconf 87' lang='lat' dir='ltr'><strong>Ne</strong></span> <span class='ocrx_word' id='word_1_298' title='bbox 503 2421 568 2460; x_wconf 87' lang='lat' dir='ltr'><strong>tuno</strong></span> <span class='ocrx_word' id='word_1_299' title='bbox 585 2421 612 2461; x_wconf 82' lang='lat' dir='ltr'><strong>et</strong></span> <span class='ocrx_word' id='word_1_300' title='bbox 627 2409 739 2458; x_wconf 90' lang='lat' dir='ltr'><strong>Plutone</strong></span> <span class='ocrx_word' id='word_1_301' title='bbox 760 2409 862 2473; x_wconf 82' lang='lat' dir='ltr'><strong>divisit,</strong></span> <span class='ocrx_word' id='word_1_302' title='bbox 883 2423 911 2462; x_wconf 91' lang='lat' dir='ltr'><strong>ut</strong></span> 
     </span>
    </p>

    <p class='ocr_par' dir='ltr' id='par_1_9' title="bbox 39 2427 910 2544">
     <span class='ocr_line' id='line_1_39' title="bbox 39 2427 910 2544; baseline 0.002 -21"><span class='ocrx_word' id='word_1_303' title='bbox 39 2473 49 2523; x_wconf 89' lang='lat' dir='ltr'><strong>i</strong></span> <span class='ocrx_word' id='word_1_304' title='bbox 70 2473 94 2522; x_wconf 87' lang='lat' dir='ltr'><strong>si</strong></span> <span class='ocrx_word' id='word_1_305' title='bbox 107 2475 228 2544; x_wconf 80' lang='lat' dir='ltr'><strong>regiones</strong></span> <span class='ocrx_word' id='word_1_306' title='bbox 246 2474 279 2524; x_wconf 86' lang='lat' dir='ltr'><strong>ad</strong></span> <span class='ocrx_word' id='word_1_307' title='bbox 297 2484 382 2523; x_wconf 84' lang='lat' dir='ltr'><strong>ortum</strong></span> <span class='ocrx_word' id='word_1_308' title='bbox 395 2474 452 2524; x_wconf 87' lang='lat' dir='ltr'><strong>sitae</strong></span> <span class='ocrx_word' id='word_1_309' title='bbox 483 2427 589 2523; x_wconf 60' lang='lat' dir='ltr'><strong>limosi</strong></span> <span class='ocrx_word' id='word_1_310' title='bbox 602 2471 710 2523; x_wconf 85' lang='lat' dir='ltr'><strong>occidua</strong></span> <span class='ocrx_word' id='word_1_311' title='bbox 726 2491 785 2538; x_wconf 85' lang='lat' dir='ltr'><strong>pars</strong></span> <span class='ocrx_word' id='word_1_312' title='bbox 799 2476 910 2540; x_wconf 76' lang='lat' dir='ltr'><strong>insulta,</strong></span> 
     </span>
    </p>

    <p class='ocr_par' dir='ltr' id='par_1_10' title="bbox 37 2490 913 3118">
     <span class='ocr_line' id='line_1_40' title="bbox 40 2490 912 2609; baseline 0.003 -23"><span class='ocrx_word' id='word_1_313' title='bbox 40 2490 310 2603; x_wconf 67' lang='lat' dir='ltr'><strong>llaptunomaritimi</strong></span> <span class='ocrx_word' id='word_1_314' title='bbox 328 2547 423 2588; x_wconf 90' lang='lat' dir='ltr'><strong>tractus</strong></span> <span class='ocrx_word' id='word_1_315' title='bbox 442 2508 594 2609; x_wconf 82' lang='lat' dir='ltr'><strong>olrtigen&#39;nt.</strong></span> <span class='ocrx_word' id='word_1_316' title='bbox 618 2537 690 2588; x_wconf 90' lang='lat' dir='ltr'><strong>Hinc</strong></span> <span class='ocrx_word' id='word_1_317' title='bbox 708 2538 812 2605; x_wconf 80' lang='lat' dir='ltr'><strong>Jupiter</strong></span> <span class='ocrx_word' id='word_1_318' title='bbox 829 2538 912 2603; x_wconf 88' lang='lat' dir='ltr'><strong>coeli,</strong></span> 
     </span>
     <span class='ocr_line' id='line_1_41' title="bbox 39 2599 913 2668; baseline 0.001 -16"><span class='ocrx_word' id='word_1_319' title='bbox 39 2601 181 2668; x_wconf 82' lang='lat' dir='ltr'><strong>Neptunus</strong></span> <span class='ocrx_word' id='word_1_320' title='bbox 199 2603 296 2667; x_wconf 82' lang='lat' dir='ltr'><strong>maris,</strong></span> <span class='ocrx_word' id='word_1_321' title='bbox 317 2599 394 2650; x_wconf 90' lang='lat' dir='ltr'><strong>Pluto</strong></span> <span class='ocrx_word' id='word_1_322' title='bbox 409 2600 552 2652; x_wconf 85' lang='lat' dir='ltr'><strong>inferorum</strong></span> <span class='ocrx_word' id='word_1_323' title='bbox 564 2618 631 2665; x_wconf 88' lang='lat' dir='ltr'><strong>rex,</strong></span> <span class='ocrx_word' id='word_1_324' title='bbox 648 2601 797 2668; x_wconf 72' lang='lat' dir='ltr'><strong>numenque</strong></span> <span class='ocrx_word' id='word_1_325' title='bbox 817 2601 913 2653; x_wconf 88' lang='lat' dir='ltr'><strong>ductus</strong></span> 
     </span>
     <span class='ocr_line' id='line_1_42' title="bbox 40 2663 910 2732; baseline 0.001 -16"><span class='ocrx_word' id='word_1_326' title='bbox 40 2677 89 2716; x_wconf 85' lang='lat' dir='ltr'><strong>est.</strong></span> <span class='ocrx_word' id='word_1_327' title='bbox 100 2666 120 2717; x_wconf 82' lang='lat' dir='ltr'><strong>J</strong></span> <span class='ocrx_word' id='word_1_328' title='bbox 121 2667 177 2716; x_wconf 88' lang='lat' dir='ltr'><strong>ovis</strong></span> <span class='ocrx_word' id='word_1_329' title='bbox 184 2668 292 2717; x_wconf 87' lang='lat' dir='ltr'><strong>nomine</strong></span> <span class='ocrx_word' id='word_1_330' title='bbox 302 2663 372 2732; x_wconf 86' lang='lat' dir='ltr'><strong>apud</strong></span> <span class='ocrx_word' id='word_1_331' title='bbox 378 2666 470 2732; x_wconf 76' lang='lat' dir='ltr'><strong>politas</strong></span> <span class='ocrx_word' id='word_1_332' title='bbox 480 2665 535 2717; x_wconf 84' lang='lat' dir='ltr'><strong>A&#39;e&#39;r</strong></span> <span class='ocrx_word' id='word_1_333' title='bbox 544 2672 572 2715; x_wconf 84' lang='lat' dir='ltr'><strong>ut</strong></span> <span class='ocrx_word' id='word_1_334' title='bbox 583 2664 725 2732; x_wconf 75' lang='lat' dir='ltr'><strong>plurimim</strong></span> <span class='ocrx_word' id='word_1_335' title='bbox 732 2664 910 2732; x_wconf 80' lang='lat' dir='ltr'><strong>significatur,</strong></span> 
     </span>
     <span class='ocr_line' id='line_1_43' title="bbox 39 2729 910 2797; baseline 0 -17"><span class='ocrx_word' id='word_1_336' title='bbox 39 2731 96 2780; x_wconf 77' lang='lat' dir='ltr'><strong>aive</strong></span> <span class='ocrx_word' id='word_1_337' title='bbox 109 2730 205 2781; x_wconf 86' lang='lat' dir='ltr'><strong>coelum</strong></span> <span class='ocrx_word' id='word_1_338' title='bbox 216 2747 223 2793; x_wconf 68' lang='grc' dir='ltr'><strong>ς</strong></span> <span class='ocrx_word' id='word_1_339' title='bbox 239 2742 268 2783; x_wconf 90' lang='lat' dir='ltr'><strong>ut</strong></span> <span class='ocrx_word' id='word_1_340' title='bbox 279 2729 386 2781; x_wconf 85' lang='lat' dir='ltr'><strong>nomine</strong></span> <span class='ocrx_word' id='word_1_341' title='bbox 399 2730 514 2782; x_wconf 87' lang='lat' dir='ltr'><strong>Junonis</strong></span> <span class='ocrx_word' id='word_1_342' title='bbox 523 2764 531 2793; x_wconf 95' lang='lat'><strong>,</strong></span> <span class='ocrx_word' id='word_1_343' title='bbox 541 2745 601 2797; x_wconf 90' lang='lat' dir='ltr'><strong>quae</strong></span> <span class='ocrx_word' id='word_1_344' title='bbox 613 2730 690 2779; x_wconf 80' lang='lat' dir='ltr'><strong>Jovia</strong></span> <span class='ocrx_word' id='word_1_345' title='bbox 699 2729 814 2793; x_wconf 78' lang='lat' dir='ltr'><strong>conjux,</strong></span> <span class='ocrx_word' id='word_1_346' title='bbox 825 2740 910 2792; x_wconf 64' lang='lat' dir='ltr'><strong>tenu,</strong></span> 
     </span>
     <span class='ocr_line' id='line_1_44' title="bbox 39 2790 910 2904; baseline 0.001 -60"><span class='ocrx_word' id='word_1_347' title='bbox 39 2794 101 2863; x_wconf 84' lang='lat' dir='ltr'><strong>quia</strong></span> <span class='ocrx_word' id='word_1_348' title='bbox 117 2810 133 2844; x_wconf 93' lang='lat' dir='ltr'><strong>e</strong></span> <span class='ocrx_word' id='word_1_349' title='bbox 148 2794 235 2858; x_wconf 70' lang='lat' dir='ltr'><strong>coelo,</strong></span> <span class='ocrx_word' id='word_1_350' title='bbox 254 2806 392 2860; x_wconf 82' lang='lat' dir='ltr'><strong>terraque,</strong></span> <span class='ocrx_word' id='word_1_351' title='bbox 410 2793 500 2843; x_wconf 85' lang='lat' dir='ltr'><strong>omnia</strong></span> <span class='ocrx_word' id='word_1_352' title='bbox 515 2793 667 2861; x_wconf 77' lang='lat' dir='ltr'><strong>gignuntur.</strong></span> <span class='ocrx_word' id='word_1_353' title='bbox 693 2790 817 2904; x_wconf 58' lang='lat' dir='ltr'><strong>Elusdem</strong></span> <span class='ocrx_word' id='word_1_354' title='bbox 833 2795 910 2845; x_wconf 81' lang='lat' dir='ltr'><strong>Jovis</strong></span> 
     </span>
     <span class='ocr_line' id='line_1_45' title="bbox 37 2853 909 2926; baseline 0 -18"><span class='ocrx_word' id='word_1_355' title='bbox 37 2859 111 2909; x_wconf 82' lang='lat' dir='ltr'><strong>varia</strong></span> <span class='ocrx_word' id='word_1_356' title='bbox 122 2871 182 2908; x_wconf 87' lang='lat' dir='ltr'><strong>sunt</strong></span> <span class='ocrx_word' id='word_1_357' title='bbox 198 2857 268 2926; x_wconf 82' lang='lat' dir='ltr'><strong>apud</strong></span> <span class='ocrx_word' id='word_1_358' title='bbox 277 2857 415 2924; x_wconf 88' lang='lat' dir='ltr'><strong>scriptores</strong></span> <span class='ocrx_word' id='word_1_359' title='bbox 430 2855 560 2924; x_wconf 79' lang='lat' dir='ltr'><strong>profanos</strong></span> <span class='ocrx_word' id='word_1_360' title='bbox 571 2856 701 2907; x_wconf 79' lang='lat' dir='ltr'><strong>uomina:</strong></span> <span class='ocrx_word' id='word_1_361' title='bbox 736 2872 774 2905; x_wconf 83' lang='lat' dir='ltr'><strong>aec</strong></span> <span class='ocrx_word' id='word_1_362' title='bbox 788 2853 909 2924; x_wconf 80' lang='lat' dir='ltr'><strong>frequen-</strong></span> 
     </span>
     <span class='ocr_line' id='line_1_46' title="bbox 39 2919 911 2988; baseline -0.002 -16"><span class='ocrx_word' id='word_1_363' title='bbox 39 2923 116 2983; x_wconf 84' lang='lat' dir='ltr'><strong>tiora.</strong></span> <span class='ocrx_word' id='word_1_364' title='bbox 135 2923 270 2988; x_wconf 85' lang='lat' dir='ltr'><strong>Diespiter</strong></span> <span class='ocrx_word' id='word_1_365' title='bbox 286 2931 411 2984; x_wconf 77' lang='lat' dir='ltr'><strong>vocatur,</strong></span> <span class='ocrx_word' id='word_1_366' title='bbox 430 2921 504 2987; x_wconf 87' lang='lat' dir='ltr'><strong>quasi</strong></span> <span class='ocrx_word' id='word_1_367' title='bbox 524 2919 578 2970; x_wconf 86' lang='lat' dir='ltr'><strong>diei</strong></span> <span class='ocrx_word' id='word_1_368' title='bbox 595 2931 687 2988; x_wconf 82' lang='lat' dir='ltr'><strong>pater:</strong></span> <span class='ocrx_word' id='word_1_369' title='bbox 698 2921 846 2984; x_wconf 72' lang='lat' dir='ltr'><strong>Feretrium,</strong></span> <span class='ocrx_word' id='word_1_370' title='bbox 867 2921 911 2975; x_wconf 86' lang='lat' dir='ltr'><strong>vel</strong></span> 
     </span>
     <span class='ocr_line' id='line_1_47' title="bbox 41 2982 910 3097; baseline 0.003 -65"><span class='ocrx_word' id='word_1_371' title='bbox 41 2985 115 3052; x_wconf 80' lang='lat' dir='ltr'><strong>quod</strong></span> <span class='ocrx_word' id='word_1_372' title='bbox 129 2986 218 3048; x_wconf 84' lang='lat' dir='ltr'><strong>hostes</strong></span> <span class='ocrx_word' id='word_1_373' title='bbox 235 2985 339 3047; x_wconf 88' lang='lat' dir='ltr'><strong>feriret,</strong></span> <span class='ocrx_word' id='word_1_374' title='bbox 358 2983 401 3035; x_wconf 85' lang='lat' dir='ltr'><strong>vel</strong></span> <span class='ocrx_word' id='word_1_375' title='bbox 422 2984 544 3097; x_wconf 61' lang='lat' dir='ltr'><strong>quddfiin</strong></span> <span class='ocrx_word' id='word_1_376' title='bbox 563 2985 618 3035; x_wconf 85' lang='lat' dir='ltr'><strong>e&#39;us</strong></span> <span class='ocrx_word' id='word_1_377' title='bbox 635 2982 763 3051; x_wconf 88' lang='lat' dir='ltr'><strong>templum</strong></span> <span class='ocrx_word' id='word_1_378' title='bbox 783 2982 910 3036; x_wconf 85' lang='lat' dir='ltr'><strong>ferrentur</strong></span> 
     </span>
     <span class='ocr_line' id='line_1_48' title="bbox 42 3001 908 3118; baseline 0 -19"><span class='ocrx_word' id='word_1_379' title='bbox 42 3049 133 3116; x_wconf 89' lang='lat' dir='ltr'><strong>opima</strong></span> <span class='ocrx_word' id='word_1_380' title='bbox 143 3047 235 3115; x_wconf 89' lang='lat' dir='ltr'><strong>spolia.</strong></span> <span class='ocrx_word' id='word_1_381' title='bbox 249 3048 335 3098; x_wconf 60' lang='lat' dir='ltr'><strong>§tritor</strong></span> <span class='ocrx_word' id='word_1_382' title='bbox 348 3048 476 3111; x_wconf 85' lang='lat' dir='ltr'><strong>(itaesta</strong></span> <span class='ocrx_word' id='word_1_383' title='bbox 511 3001 601 3098; x_wconf 71' lang='lat' dir='ltr'><strong>omnio</strong></span> <span class='ocrx_word' id='word_1_384' title='bbox 612 3046 713 3115; x_wconf 86' lang='lat' dir='ltr'><strong>dictus)</strong></span> <span class='ocrx_word' id='word_1_385' title='bbox 726 3046 797 3118; x_wconf 74' lang='lat' dir='ltr'><strong>quid</strong></span> <span class='ocrx_word' id='word_1_386' title='bbox 807 3048 908 3099; x_wconf 85' lang='lat' dir='ltr'><strong>Roma-</strong></span> 
     </span>
    </p>

    <p class='ocr_par' dir='ltr' id='par_1_11' title="bbox 20 3111 910 3179">
     <span class='ocr_line' id='line_1_49' title="bbox 20 3111 910 3179; baseline 0.001 -16"><span class='ocrx_word' id='word_1_387' title='bbox 20 3130 24 3137; x_wconf 80' lang='lat'><strong>·</strong></span> <span class='ocrx_word' id='word_1_388' title='bbox 40 3129 136 3163; x_wconf 85' lang='lat' dir='ltr'><strong>norum</strong></span> <span class='ocrx_word' id='word_1_389' title='bbox 149 3123 240 3161; x_wconf 87' lang='lat' dir='ltr'><strong>contra</strong></span> <span class='ocrx_word' id='word_1_390' title='bbox 249 3112 360 3162; x_wconf 88' lang='lat' dir='ltr'><strong>Sabinos</strong></span> <span class='ocrx_word' id='word_1_391' title='bbox 373 3129 408 3179; x_wconf 92' lang='lat' dir='ltr'><strong>pu</strong></span> <span class='ocrx_word' id='word_1_392' title='bbox 447 3111 545 3162; x_wconf 87' lang='lat' dir='ltr'><strong>antium</strong></span> <span class='ocrx_word' id='word_1_393' title='bbox 560 3112 648 3179; x_wconf 81' lang='lat' dir='ltr'><strong>lugam</strong></span> <span class='ocrx_word' id='word_1_394' title='bbox 656 3112 756 3161; x_wconf 80' lang='lat' dir='ltr'><strong>stiterut</strong></span> <span class='ocrx_word' id='word_1_395' title='bbox 767 3127 774 3159; x_wconf 71' lang='grc' dir='ltr'>ι</span> <span class='ocrx_word' id='word_1_396' title='bbox 785 3113 910 3178; x_wconf 80' lang='lat' dir='ltr'><strong>Xenius,</strong></span> 
     </span>
    </p>

    <p class='ocr_par' dir='ltr' id='par_1_12' title="bbox 13 3174 912 3315">
     <span class='ocr_line' id='line_1_50' title="bbox 13 3174 910 3243; baseline 0.001 -17"><span class='ocrx_word' id='word_1_397' title='bbox 13 3191 16 3198; x_wconf 92' lang='lat'>·</span> <span class='ocrx_word' id='word_1_398' title='bbox 39 3177 97 3226; x_wconf 83' lang='lat' dir='ltr'><strong>sive</strong></span> <span class='ocrx_word' id='word_1_399' title='bbox 106 3174 266 3243; x_wconf 82' lang='lat' dir='ltr'><strong>Hospitalis,</strong></span> <span class='ocrx_word' id='word_1_400' title='bbox 286 3175 345 3242; x_wconf 71' lang='lat' dir='ltr'><strong>quii</strong></span> <span class='ocrx_word' id='word_1_401' title='bbox 361 3191 424 3243; x_wconf 81' lang='lat' dir='ltr'><strong>gere</strong></span> <span class='ocrx_word' id='word_1_402' title='bbox 443 3186 470 3225; x_wconf 91' lang='lat' dir='ltr'><strong>at</strong></span> <span class='ocrx_word' id='word_1_403' title='bbox 481 3176 615 3243; x_wconf 84' lang='lat' dir='ltr'><strong>hospitum</strong></span> <span class='ocrx_word' id='word_1_404' title='bbox 630 3192 728 3227; x_wconf 77' lang='lat' dir='ltr'><strong>cruam.</strong></span> <span class='ocrx_word' id='word_1_405' title='bbox 747 3176 869 3239; x_wconf 68' lang='lat' dir='ltr'><strong>Vacuit,</strong></span> <span class='ocrx_word' id='word_1_406' title='bbox 883 3188 910 3228; x_wconf 87' lang='lat' dir='ltr'><strong>et</strong></span> 
     </span>
     <span class='ocr_line' id='line_1_51' title="bbox 43 3191 912 3315; baseline 0 -25"><span class='ocrx_word' id='word_1_407' title='bbox 43 3241 148 3300; x_wconf 71' lang='lat' dir='ltr'><strong>Vedium</strong></span> <span class='ocrx_word' id='word_1_408' title='bbox 163 3250 225 3292; x_wconf 82' lang='lat' dir='ltr'><strong>tuuc</strong></span> <span class='ocrx_word' id='word_1_409' title='bbox 241 3238 440 3310; x_wconf 85' lang='lat' dir='ltr'><strong>appellabatur,</strong></span> <span class='ocrx_word' id='word_1_410' title='bbox 458 3239 518 3292; x_wconf 84' lang='lat' dir='ltr'><strong>clun</strong></span> <span class='ocrx_word' id='word_1_411' title='bbox 529 3241 669 3309; x_wconf 77' lang='lat' dir='ltr'><strong>rogabatur</strong></span> <span class='ocrx_word' id='word_1_412' title='bbox 683 3256 717 3301; x_wconf 73' lang='lat' dir='ltr'><strong>pe</strong></span> <span class='ocrx_word' id='word_1_413' title='bbox 730 3191 798 3308; x_wconf 77' lang='lat' dir='ltr'><strong>quid</strong></span> <span class='ocrx_word' id='word_1_414' title='bbox 804 3239 912 3315; x_wconf 71' lang='lat' dir='ltr'><strong>inferret</strong></span> 
     </span>
    </p>
   </div>
   <div class='ocr_carea' id='block_1_6' title="bbox 0 0 1079 3906">
    <p class='ocr_par' dir='ltr' id='par_1_13' title="bbox 0 0 1079 3906">
     <span class='ocr_line' id='line_1_52' title="bbox 0 0 1079 3906; baseline 0 0"><span class='ocrx_word' id='word_1_415' title='bbox 0 0 1079 3906; x_wconf 95' lang='lat' dir='ltr'><strong> </strong></span> 
     </span>
    </p>
   </div>
  </div>
 </body>
</html>
