2136 3906
180 184 437 253 sturni
490 180 916 267 Quium&

47 292 259 356 Crnshocliet.
274 292 364 353 Idem
374 309 442 350 crus
455 287 519 348 liet.
532 288 638 366 Quid?
652 280 914 425 puasimagn‘um,

47 377 168 455 Nempe
180 374 265 433 diem
280 373 379 433 dones
389 370 402 428 i
413 368 469 430 sed
481 368 554 428 clim
568 367 622 426 lux
637 388 654 425 a
668 381 733 425 tera
744 379 831 426 vemt
842 368 862 438 ,’
939 416 944 427 ,

46 459 65 516 J
67 475 186 516 amores
194 454 377 513 hesternum
386 448 650 527 consumpsimus;
664 467 739 506 ecce
751 444 837 505 aliud
846 465 913 507 cras

46 536 150 623 Egerit
164 535 220 594 hos
236 552 351 601 annos,
365 545 398 589 et
411 548 537 608 semper
549 527 681 607 paulum
696 528 756 586 erit
769 524 870 586 ultre:

46 617 126 674 Nam
140 613 279 695 quumvis
290 621 391 691 pro'pe
405 624 454 679 te,
469 610 609 689 quamvis
619 623 749 667 temone
758 607 890 668 subuuo
899 655 912 682 ,
926 629 973 719 ,7⁰

47 694 233 753 Vertentem
247 711 314 752 sese
328 689 444 749 frustra
456 686 618 748 sectabere
631 686 782 747 canthum
794 709 801 757 ;

45 773 124 832 ctam
140 788 208 832 rota
220 771 376 852 posterior
389 787 509 835 curras,
526 783 558 827 et
573 769 605 826 in
620 786 677 827 ane
691 766 842 830 secundo,

45 852 201 913 Libertate
222 871 301 929 opus
323 865 393 923 est,
415 867 483 908 non
503 846 586 920 hac,
607 866 703 930 quam
724 860 759 905 ut
779 848 913 930 quisque
946 844 950 849 ’

222 929 338 1010 Velina
926 957 947 993 x

704 1014 729 1049 ρ
980 1022 983 1029 ,

44 1083 158 1141 spectare
172 1071 201 1120 in
217 1072 291 1121 ouini
306 1071 364 1121 vita
381 1066 516 1127 debeatis5
541 1068 604 1120 hinc
619 1066 869 1135 usbirsapieutium
885 1081 914 1123 et

45 1139 166 1188 virtutem
183 1144 348 1202 comparate,
370 1148 432 1200 quae
447 1144 510 1183 sunt
523 1134 609 1184 veluti
623 1134 768 1197 uiaticum,
789 1151 840 1201 quo
856 1137 912 1185 ins·

44 1203 120 1253 tracti
134 1210 295 1250 senectutem
311 1199 368 1248 toeti
380 1199 544 1264 percurristis.
572 1199 657 1259 Cras,
682 1198 770 1263 inquit
790 1197 910 1265 uliquis,

43 1267 91 1316 hoc
101 1265 213 1330 facium·
233 1265 297 1315 Cius
313 1263 361 1313 linc
376 1261 484 1327 saciet?
505 1279 552 1311 cur
573 1279 627 1312 non
649 1261 747 1312 hodie?
769 1264 825 1312 Cur
844 1265 913 1314 adeo

43 1346 87 1381 me
102 1346 196 1396 urges,
241 1329 298 1378 uusi
315 1343 441 1394 mugitum
456 1328 571 1440 spatium
589 1327 709 1393 temporis
724 1344 742 1374 a
760 1336 785 1376 te
799 1328 913 1394 petum?

44 1396 205 1445 diemunum
216 1345 300 1443 lonas
312 1392 393 1450 nitu
410 1401 450 1441 est
483 1408 513 1440 oc
528 1391 664 1456 exiguum.
683 1392 737 1440 Sed
751 1393 809 1440 erim
826 1391 914 1442 ultera

44 1461 101 1508 dies
110 1460 199 1520 venit,
210 1457 268 1524 sum
278 1457 350 1507 istud
360 1473 418 1506 cras
426 1455 594 1516 hesternum,
611 1471 658 1503 seu
675 1456 732 1504 dies
748 1452 796 1504 illu
814 1455 910 1515 hester·
954 1480 958 1485 ·

22 1517 33 1530 '
44 1537 98 1584 na,
117 1537 178 1589 quce
194 1539 210 1570 u
229 1531 253 1570 te
265 1521 353 1587 pridie
370 1535 427 1570 cras
446 1515 595 1578 dicebatur,
613 1517 697 1583 abitt,
707 1529 733 1568 et
742 1519 844 1569 inutilis
857 1530 922 1571 tutu¹

37 1587 184 1655 proeteriit‚·
202 1599 355 1649 rursumque
378 1580 456 1630 uliud
476 1599 534 1630 crus
573 1582 715 1639 osunen,
739 1583 824 1632 etita
847 1593 912 1634 totos

40 1667 144 1709 anuos,
168 1650 253 1699 vitum
273 1657 354 1696 totum
370 1660 521 1707 consumes,
558 1644 651 1694 iueudo
667 1655 692 1694 te
707 1662 765 1694 crus
781 1648 851 1696 incoe
869 1657 910 1696 tu·
954 1654 960 1663 “

42 1731 99 1765 rum
115 1728 225 1778 supere,·
244 1720 271 1760 et
288 1725 390 1775 semper
405 1708 482 1758 uliud
492 1711 609 1758 eraserit
616 1707 685 1757 ultra
701 1709 834 1775 illudque
863 1714 911 1761 tibi

40 1778 101 1828 duri
111 1776 225 1843 petiisti,
243 1776 311 1823 eden
320 1784 351 1822 ut
359 1788 504 1838 numquam
517 1773 609 1822 venius
621 1774 658 1821 ad
668 1772 789 1822 ultimum
800 1774 912 1840 aliquod

39 1859 98 1893 cras
103 1875 114 1914 2
130 1841 197 1888 sicut
208 1839 237 1888 iu
254 1855 330 1887 curru
341 1848 455 1887 rotarum
464 1847 578 1905 quatuor
584 1838 736 1902 posteriores
745 1847 808 1887 rotoe
816 1855 911 1905 quum·

39 1907 83 1957 vis
93 1914 177 1972 juxta
192 1902 291 1969 priores
307 1904 378 1965 sint,
392 1913 421 1961 et
434 1902 464 1950 in
479 1901 571 1952 eodem
589 1917 681 1962 curru,
698 1918 844 1968 numquam
863 1921 911 1954 eus
938 1929 941 1939 ·

41 1982 132 2021 tamen
149 1977 280 2018 currentes
295 1977 472 2033 assequuntur
492 1967 570 2042 'quia
580 1966 717 2032 posteriori
724 1976 788 2015 sunt
798 1968 827 2016 in
839 1985 927 2031 ame„

38 2035 182 2147 etjuantb
199 2030 284 2095 mugit
297 2040 444 2099 sequuntur
458 2048 474 2080 a
487 2047 543 2089 tus,
567 2032 641 2081 tantu
657 2029 716 2079 ittae
732 2032 815 2097 magis
830 2044 911 2083 aute·

39 2114 70 2149 ce
90 2107 148 2147 unt.
165 2095 256 2147 Liberi
272 2111 327 2144 esse
344 2095 484 2159 debemus,
509 2111 563 2144 nou
587 2096 620 2144 eu
642 2094 781 2155 libertate,
796 2113 880 2162 quum
894 2113 911 2147 e

71 2199 114 2250 66.
123 2196 199 2250 Idem
209 2232 216 2262 ‚
226 2207 274 2249 ete.
285 2197 375 2248 Potest
381 2213 460 2267 expo·
491 2200 591 2251 ferreus
601 2198 647 2248 ille
659 2199 786 2259 circulus,
799 2212 851 2267 quo
865 2218 911 2252 ro-

37 2265 66 2315 ni
78 2264 125 2314 sic.
138 2264 213 2312 Idem
224 2262 295 2313 dices
308 2278 379 2325 cras,
393 2274 420 2312 et
431 2275 460 2314 tu
491 2274 519 2313 ta
539 2274 655 2313 extrema
680 2262 820 2313 involvitur
832 2282 839 2326 ς
860 2266 911 2318 bic

36 2327 120 2377 hodie
136 2326 269 2394 promittis
285 2337 311 2375 te
322 2343 381 2393 prus
392 2343 458 2393 ope-
491 2343 553 2378 reru
564 2343 613 2394 pro
622 2328 744 2387 toturotd
756 2328 875 2379 sumitur.
957 2379 959 2382 Α

35 2406 95 2441 rum
104 2391 194 2440 virtuti
211 2389 349 2450 daturum,
365 2390 402 2439 ita
416 2389 460 2441 die
523 2390 565 2458 73.
581 2391 690 2441 Veline.
706 2391 728 2439 E
745 2392 815 2441 tribu
831 2394 912 2445 veti:

36 2455 160 2523 sequenti
172 2452 259 2515 dices,
271 2453 323 2502 huc
332 2453 379 2502 fiet
387 2469 458 2515 eras,
491 2455 526 2503 ni
538 2471 545 2503 ε
557 2455 616 2506 haec
626 2471 678 2504 une
689 2455 738 2505 erit
745 2473 778 2506 ex
784 2457 858 2507 Italis
865 2460 910 2507 tri-

37 2520 165 2594 idemque
191 2516 306 2566 dicturus
332 2532 361 2566 es
384 2517 460 2567 tertib
492 2518 576 2568 bubus
584 2517 752 2580 35,fortesic
760 2521 829 2573 dictu
837 2522 910 2589 qnbd

35 2584 151 2651 pbstdse
159 2615 167 2640 ,
180 2581 297 2646 aeporrb
309 2580 441 2648 deinceps.
490 2583 558 2632 circa
574 2581 700 2635 Velinum
722 2583 810 2633 lacum
830 2598 908 2636 esset.

68 2649 112 2715 69.
138 2647 237 2712 Egerit.
260 2645 458 2712 Consumpserit
478 2646 571 2696 ,Ροιτὸ
589 2648 674 2706 servi,
697 2646 755 2696 cum
773 2649 908 2711 dopnban-

34 2713 136 2763 sensim
147 2722 205 2760 tuos
216 2724 315 2771 annos,
326 2708 406 2758 vitum
415 2722 455 2759 to·
490 2722 530 2760 tur
543 2710 677 2771 libertate,
698 2710 725 2758 in
737 2709 917 2787 aliquimtri·'
1006 2736 1009 2743 r

34 2788 91 2828 tam
100 2775 234 2844 peregeris
243 2808 251 2836 ,
261 2773 290 2821 in
300 2772 364 2822 vitio
371 2774 458 2822 trsdn·
490 2774 553 2824 bum
560 2774 769 2824 ascribebanturt
781 2774 910 2826 tidei'rssu-

35 2841 122 2904 xeris,
136 2841 199 2888 (lum
216 2850 242 2888 te
259 2853 334 2898 crus,
355 2848 382 2886 et
402 2853 457 2887 crus
490 2839 597 2888 mebant
614 2854 769 2914 praenomen
786 2831 908 2906 aliquod}

34 2903 108 2955 bene
123 2905 252 2953 victurum
269 2899 458 2967 spondenulii
490 2900 571 2970 rulgb
587 2900 658 2951 illius
682 2918 698 2951 u
720 2919 773 2977 quo
791 2918 865 2954 erunt
880 2906 909 2954 in

35 2968 72 3017 ab
83 2983 161 3033 egero
170 2967 301 3015 deducunt
311 2964 384 3014 istud
398 2982 458 3041 θεᾶς
491 2965 638 3016 libertatem
665 2965 817 3029 vindicati3
846 2969 910 3020 hinc

36 3034 88 3093 rit,
117 3031 169 3079 hoc
188 3043 265 3078 sensu
283 3043 289 3075 ι
307 3043 363 3077 cres
381 3040 459 3079 toties
491 3031 558 3093 iste,
579 3029 686 3079 Publius
709 3030 819 3093 dicitur3
842 3032 910 3082 alter

55 3093 200 3161 ustulatum
205 3103 233 3157 et
241 3091 330 3141 datum
338 3091 460 3159 expellit,
492 3097 599 3145 Murcus
611 3094 706 3145 Dama.
716 3095 799 3143 Ροιτὸ
811 3113 908 3145 nomen

70 3157 169 3218 trudit,
178 3155 235 3206 finit
244 3156 292 3204 hos
299 3167 358 3205 tuos
366 3172 458 3206 annos.
492 3159 572 3207 tribus
583 3174 653 3221 suae,
665 3171 694 3208 ut
704 3161 782 3208 ceteri
792 3177 806 3206 r
815 3160 891 3226 plebe
902 3196 910 3221 ,

70 3240 112 3297 74·
128 3221 270 3275 Canthum.
288 3220 406 3272 Canthus
421 3231 461 3273 est
492 3223 911 3293 subjungebantsuopraenomini,

705 3288 781 3359 ,R5
